5072 6296
1370 781 1392 843 2

515 967 746 1039 Moocxcv
779 991 885 1060 usqne
914 993 983 1062 quo
1010 991 1052 1040 eo
1079 969 1222 1040 consilio
1248 971 1494 1065 quinquaginta
1519 968 1664 1062 amplios
1687 968 1805 1039 oculos
1833 969 2058 1060 dissecuerat‚
2096 967 2256 1059 offendit,

513 1113 551 1172 ut
576 1128 619 1173 nc
645 1127 747 1173 unam
773 1106 912 1196 quidem
937 1107 1082 1176 retinam
1103 1106 1194 1177 oculi
1234 1107 1307 1175 sani
1327 1107 1469 1192 viderit,
1511 1107 1547 1174 in
1580 1127 1648 1196 qua
1671 1105 1760 1173 illud
1785 1105 1943 1174 defuerit.
1995 1107 2154 1175 Eundem
2179 1107 2258 1175 lim·

513 1243 595 1310 bum
621 1241 768 1330 luteum,
790 1243 1033 1312 toraminulum
1059 1241 1210 1315 neutrale
1236 1243 1430 1334 cingentem
1455 1241 1491 1308 in
1516 1240 1625 1308 retina
1649 1239 1797 1310 feminae
1821 1242 2004 1334 Aethiopia
2034 1241 2121 1310 vidit
2149 1243 2199 1332 ⁸).

615 1411 725 1480 Variis
750 1409 809 1483 hic
835 1413 933 1482 bulbi
958 1413 1055 1483 locus
1082 1435 1201 1483 recens
1227 1411 1381 1480 detectus
1414 1411 1458 1478 ab
1489 1409 1550 1477 illo
1576 1411 1820 1504 insigniebatur
1843 1411 1879 1501 8)
1905 1411 2113 1492 nominibus3
2151 1413 2258 1482 modo

513 1547 571 1616 ille
610 1547 753 1633 „luteus
790 1547 913 1617 limbus
946 1547 1122 1616 foraminis
1159 1545 1349 1620 ceirtralis“
1383 1545 1490 1613 modo
1532 1545 1663 1632 „color
1698 1546 1873 1640 insigniter
1908 1546 2016 1614 luteus
2044 1547 2153 1616 colori
2194 1547 2255 1634 illi,

514 1683 573 1772 qui
600 1681 835 1775 epigramm,
863 1682 959 1772 quod
985 1683 1118 1776 gummi
1144 1689 1262 1778 guttae
1287 1688 1426 1768 vocant,
1451 1689 1610 1771 paratur,
1636 1681 1821 1749 simillimus
1832 1683 1866 1771 “‚
1892 1690 1975 1753 tuuc
2002 1681 2139 1752 demum
2164 1682 2257 1772 „fla-

512 1818 603 1886 vcdo
628 1819 723 1886 limbi
733 1819 754 1856 “
788 1817 962 1886 audiebat

614 1987 721 2071 Quod
747 1985 793 2054 ad
819 1985 977 2055 foramen
1004 1985 1157 2056 neutrale
1182 1985 1313 2073 attinet,
1350 1981 1421 2055 hoc
1448 1983 1484 2053 ἃ
1503 1982 1574 2056 Th.
1609 1981 1912 2081 aSocmmerring
1934 1995 2006 2054 tum
2038 1987 2256 2075 „foraminu-

519 2121 649 2190 lumin
674 2121 788 2190 medio
813 2122 967 2192 maculae
993 2121 1066 2189 veri
1093 2122 1201 2194 centri
1225 2121 1355 2190 retinae
1379 2121 1495 2191 locum
1520 2140 1696 2212 occupans
1704 2123 1727 2160 “
1759 2123 1904 2210 vocavit,
1931 2144 2012 2193 cum
2038 2123 2258 2210 „forminu-

520 2259 591 2327 lum
616 2258 708 2326 luteo
734 2258 853 2328 colore
879 2257 1047 2345 cinctum,
1086 2267 1188 2328 acuto
1225 2259 1302 2326 satis
1327 2257 1483 2352 margine
1508 2256 1746 2346 lemmatum,
1787 2266 1821 2325 et
1860 2267 2015 2347 quartam
2048 2258 2123 2326 fere
2146 2257 2257 2326 lineae

515 2391 689 2478 Parisinae
724 2401 858 2484 partem
893 2394 1060 2462 diametro
1104 2413 1294 2484 exaequans
1303 2392 1347 2480 “‚
1384 2391 1511 2459 deinde
1543 2411 1690 2481 „verum
1721 2392 1895 2462 medullae
1930 2395 2059 2462 retinae
2096 2393 2258 2461 biatum“

514 2526 663 2618 denique
688 2549 771 2596 vero
798 2578 820 2616 „
828 2528 984 2597 foramen
1009 2531 1139 2598 retinae
1164 2527 1345 2600 centrale“
1380 2527 1575 2594 nominavit.

611 2691 693 2764 dam
731 2694 894 2786 pennulti
934 2695 1131 2767 scholamm
1175 2694 1250 2788 ejus
1286 2698 1551 2766 anatomicamm
1576 2694 1769 2764 auditores
1801 2707 1973 2788 perpetua
2011 2706 2046 2766 et
2090 2697 2259 2768 constanti

509 2839 650 2900 naturae
676 2831 759 2924 lege
781 2840 986 2924 reperemnt
1014 2835 1050 2925 ⁴)
1077 2832 1245 2902 maculam
1282 2831 1409 2900 luteam
1441 2851 1520 2902 cum
1545 2830 1753 2899 forarninulo
1779 2831 1942 2916 centuli,
1991 2853 2138 2923 quorum
2162 2853 2257 2917 unua,

511 2964 696 3036 Michaelis
728 2967 765 3056 6]
800 2967 1055 3063 Gottingeusis‚
1088 2969 1196 3060 paulo
1221 2977 1304 3060 post
1328 2965 1582 3038 observationes
1608 2987 1705 3055 auae,
1731 2987 1821 3034 anno
1847 2968 1986 3058 quidem
2010 2965 2259 3038 MDGOCXVl

509 3099 643 3191 publici
672 3101 757 3172 lecit
776 3103 875 3196 juris.
949 3135 953 3144 ·

580 3291 585 3300 ·
613 3269 684 3340 Res
710 3294 820 3362 nova,
856 3274 951 3342 etin
976 3271 1161 3342 Germania
1185 3296 1298 3365 paene
1324 3273 1496 3359 inaudita,
1531 3271 1800 3341 anatomicomm
1826 3287 1934 3361 aeque
1960 3295 2000 3343 ac
2025 3271 2254 3367 physiologo*

510 3427 586 3474 rum
620 3409 771 3477 curiosos
796 3410 956 3479 movebat
991 3411 1140 3496 animoa,
1167 3418 1202 3479 et
1228 3431 1344 3478 omnes
1370 3409 1580 3478 mirabantur
1606 3409 1665 3497 qui
1690 3407 1765 3475 fie'ri
1790 3409 1964 3499 potuerit,
1990 3419 2028 3476 ut
2053 3407 2133 3476 artis
2158 3410 2255 3500 prin-

433 3629 437 3640 .
512 3541 621 3632 cipes,
647 3541 737 3609 iuter
763 3565 847 3633 quos
873 3542 1030 3635 nasson,
1055 3543 1189 3630 Haller,
1215 3543 1322 3630 Zrnn,
1347 3543 1527 3636 Wrisberg
1553 3553 1587 3612 et
1612 3541 1769 3613 Waltlrer
1794 3545 1984 3612 nominasse
2010 3543 2168 3633 sufficiat,
2183 3543 2255 3634 'qui

507 3675 602 3745 baud
628 3676 762 3768 vulgari
788 3676 939 3747 sollertia
966 3679 1165 3749 dexteritate
1191 3688 1225 3748 et
1251 3679 1435 3748 subtilitate
1460 3679 1588 3748 retinae
1616 3685 1817 3749 stmcturam
1845 3677 2021 3771 hucusque
2047 3681 2254 3776 indagarint,

511 3831 623 3900 neque
649 3811 804 3882 maculae
826 3813 950 3902 luteae,
975 3835 1089 3905 neque
1115 3816 1311 3885 foraminuli
1337 3815 1446 3885 limbo
1471 3815 1564 3885 luteo
1591 3817 1693 3888 cincti
1719 3816 1866 3886 fecerint
1879 3817 2097 3886 mentionem
2128 3817 2175 3905 ⁶)

617 3979 746 4048 Veram
773 4003 931 4070 causam,
972 4005 1033 4053 cur
1058 3984 1301 4053 soramimdum
1326 3983 1477 4054 centrale
1501 3993 1571 4052 tam
1596 3985 1657 4054 diu
1681 3985 1837 4074 latuerit,
1871 3995 1904 4052 et
1929 4006 2068 4077 prorsus
2096 3969 2255 4082 incogniss

479 4123 584 4182 tum
615 4117 795 4205 manserit,
843 4118 878 4187 S.
912 4117 983 4190 Th.
1020 4119 1322 4216 aSoemmerring
1355 4121 1392 4190 iu
1423 4122 1664 4218 corrugatione
1701 4124 1848 4213 quadam
1883 4131 2071 4214 spontanea
2116 4125 2255 4212 retinae‚

545 4853 576 4924 5)
593 4853 684 4908 Ueber
702 4855 778 4910 eiam
794 4855 889 4928 gelben
905 4855 990 4912 riser
1006 4857 1059 4912 md
1076 4859 1118 4915 ein
1135 4861 1210 4918 boel
1225 4863 1252 4918 in
1270 4864 1318 4918 der
1333 4863 1507 4922 Nemubaut
1531 4866 1579 4922 dea
1606 4867 1794 4926 menreblicbeu
1810 4873 1906 4944 Anger.
1958 4871 1997 4930 lm
2013 4873 2120 4930 Joumal
2138 4873 2185 4930 der
2201 4875 2252 4931 lir-

580 4953 728 5028 fiuduugm,
747 4958 897 5017 Tbeoriean
910 4959 966 5016 und
983 4960 1186 5034 Widerrprr'rebe
1202 4965 1229 5020 br
1247 4965 1294 5022 der
1310 4965 1419 5022 Natur-
1436 4967 1795 5040 menandrianorum,
1814 4975 1898 5032 stuck
1916 4976 1974 5032 xv.
1993 4994 2018 5048 p.
2039 4979 2140 5034 1-17.

542 5073 575 5142 6)
576 5071 671 5232 ἱσῖιῑ,
698 5077 777 5232 I‚illine
794 5077 885 5232 Fdelle,
914 5080 962 5136 der
976 5079 1053 5152 galbe
1069 5082 1153 5140 Flac&
1175 5085 1228 5142 und
1253 5085 1298 5144 <lia
1320 5087 1515 5164 decidentis·
1536 5093 1620 5150 stelle
1641 5093 1669 5152 ln
1692 5095 1740 5150 det
1761 5095 1899 5154 Netzlrnut
1916 5096 1962 5150 der
1978 5098 2092 5168 law
2119 5097 2145 5150 iu
2162 5097 2253 5150 deenen

645 5174 680 5242 ’ν
776 5194 809 5231 ⁸³
831 5196 920 5254 ’Νι
937 5183 998 5241 ⁴⁶⁸·
