<?xml version="1.0" encoding="UTF-8"?>
<!DOCTYPE html PUBLIC "-//W3C//DTD XHTML 1.0 Transitional//EN"
    "http://www.w3.org/TR/xhtml1/DTD/xhtml1-transitional.dtd">
<html xmlns="http://www.w3.org/1999/xhtml" xml:lang="en" lang="en">
 <head>
  <title>
</title>
<meta http-equiv="Content-Type" content="text/html;charset=utf-8" />
  <meta name='ocr-system' content='tesseract 3.04.00' />
  <meta name='ocr-capabilities' content='ocr_page ocr_carea ocr_par ocr_line ocrx_word'/>
</head>
<body>
  <div class='ocr_page' id='page_1' title='image "./degenesietusuma00ammogoog_0024.png"; bbox 0 0 5072 6296; ppageno 0'>
   <div class='ocr_carea' id='block_1_1' title="bbox 291 771 2111 4174">
    <p class='ocr_par' dir='ltr' id='par_1_1' title="bbox 303 771 2038 1196">
     <span class='ocr_line' id='line_1_1' title="bbox 1154 771 1192 838; baseline 0 0"><span class='ocrx_word' id='word_1_1' title='bbox 1154 771 1192 838; x_wconf 86' lang='lat' dir='ltr'><strong>it</strong></span> 
     </span>
     <span class='ocr_line' id='line_1_2' title="bbox 304 962 2038 1059; baseline -0.001 -21"><span class='ocrx_word' id='word_1_2' title='bbox 304 971 369 1040; x_wconf 82' lang='lat' dir='ltr'><strong>bos</strong></span> <span class='ocrx_word' id='word_1_3' title='bbox 395 969 474 1038; x_wconf 81' lang='lat' dir='ltr'><strong>ceru&#39;</strong></span> <span class='ocrx_word' id='word_1_4' title='bbox 488 962 785 1036; x_wconf 74' lang='lat' dir='ltr'><strong>mbradrtificiose</strong></span> <span class='ocrx_word' id='word_1_5' title='bbox 808 963 969 1056; x_wconf 90' lang='lat' dir='ltr'><strong>impletos</strong></span> <span class='ocrx_word' id='word_1_6' title='bbox 994 965 1222 1054; x_wconf 85' lang='lat' dir='ltr'><strong>examinarim,</strong></span> <span class='ocrx_word' id='word_1_7' title='bbox 1248 963 1604 1058; x_wconf 79' lang='lat' dir='ltr'><strong>lresquidemliguras</strong></span> <span class='ocrx_word' id='word_1_8' title='bbox 1626 967 1706 1034; x_wconf 75' lang='lat' dir='ltr'><strong>iasa</strong></span> <span class='ocrx_word' id='word_1_9' title='bbox 1722 985 1806 1054; x_wconf 86' lang='lat' dir='ltr'><strong>esse,</strong></span> <span class='ocrx_word' id='word_1_10' title='bbox 1833 976 1944 1057; x_wconf 73' lang='lat' dir='ltr'><strong>eaque</strong></span> <span class='ocrx_word' id='word_1_11' title='bbox 1961 967 2038 1059; x_wconf 51' lang='lat' dir='ltr'><strong>priv</strong></span> 
     </span>
     <span class='ocr_line' id='line_1_3' title="bbox 303 1099 1565 1196; baseline -0.005 -22"><span class='ocrx_word' id='word_1_12' title='bbox 303 1127 376 1194; x_wconf 85' lang='lat' dir='ltr'><strong>ma,</strong></span> <span class='ocrx_word' id='word_1_13' title='bbox 404 1125 491 1196; x_wconf 79' lang='lat' dir='ltr'><strong>qqae</strong></span> <span class='ocrx_word' id='word_1_14' title='bbox 505 1103 561 1170; x_wconf 57' lang='lat' dir='ltr'><strong>&#39;i&#39;n&#39;</strong></span> <span class='ocrx_word' id='word_1_15' title='bbox 577 1099 778 1172; x_wconf 82' lang='lat' dir='ltr'><strong>chorioidea</strong></span> <span class='ocrx_word' id='word_1_16' title='bbox 802 1100 986 1193; x_wconf 88' lang='lat' dir='ltr'><strong>prodeunt,</strong></span> <span class='ocrx_word' id='word_1_17' title='bbox 1012 1123 1210 1192; x_wconf 79' lang='lat' dir='ltr'><strong>persuasum</strong></span> <span class='ocrx_word' id='word_1_18' title='bbox 1235 1101 1320 1169; x_wconf 85' lang='lat' dir='ltr'><strong>milri</strong></span> <span class='ocrx_word' id='word_1_19' title='bbox 1344 1120 1423 1169; x_wconf 82' lang='lat' dir='ltr'><strong>mox</strong></span> <span class='ocrx_word' id='word_1_20' title='bbox 1447 1099 1565 1170; x_wconf 79' lang='lat' dir='ltr'><strong>hebui.</strong></span> 
     </span>
    </p>

    <p class='ocr_par' dir='ltr' id='par_1_2' title="bbox 405 1235 2038 1330">
     <span class='ocr_line' id='line_1_4' title="bbox 405 1235 2038 1330; baseline 0.001 -22"><span class='ocrx_word' id='word_1_21' title='bbox 405 1239 633 1329; x_wconf 68' lang='lat' dir='ltr'><strong>Posteaquam</strong></span> <span class='ocrx_word' id='word_1_22' title='bbox 641 1236 993 1328; x_wconf 79' lang='lat' dir='ltr'><strong>usqueadscptimom</strong></span> <span class='ocrx_word' id='word_1_23' title='bbox 1005 1236 1247 1310; x_wconf 85' lang='lat' dir='ltr'><strong>siveoctovnm</strong></span> <span class='ocrx_word' id='word_1_24' title='bbox 1259 1259 1409 1308; x_wconf 86' lang='lat' dir='ltr'><strong>mensem</strong></span> <span class='ocrx_word' id='word_1_25' title='bbox 1420 1238 1621 1324; x_wconf 85' lang='lat' dir='ltr'><strong>restiterunt,</strong></span> <span class='ocrx_word' id='word_1_26' title='bbox 1639 1235 1857 1308; x_wconf 85' lang='lat' dir='ltr'><strong>indeabboc</strong></span> <span class='ocrx_word' id='word_1_27' title='bbox 1878 1245 2038 1330; x_wconf 86' lang='lat' dir='ltr'><strong>tempore</strong></span> 
     </span>
    </p>

    <p class='ocr_par' dir='ltr' id='par_1_3' title="bbox 295 1371 2037 3089">
     <span class='ocr_line' id='line_1_5' title="bbox 300 1371 2033 1472; baseline 0 -28"><span class='ocrx_word' id='word_1_28' title='bbox 300 1375 417 1472; x_wconf 78' lang='lat' dir='ltr'><strong>ligore</strong></span> <span class='ocrx_word' id='word_1_29' title='bbox 427 1384 461 1444; x_wconf 87' lang='lat' dir='ltr'><strong>et</strong></span> <span class='ocrx_word' id='word_1_30' title='bbox 474 1383 593 1444; x_wconf 80' lang='lat' dir='ltr'><strong>natura</strong></span> <span class='ocrx_word' id='word_1_31' title='bbox 605 1382 792 1454; x_wconf 61' lang='lat' dir='ltr'><strong>maturatum</strong></span> <span class='ocrx_word' id='word_1_32' title='bbox 816 1373 939 1441; x_wconf 85' lang='lat' dir='ltr'><strong>sensim</strong></span> <span class='ocrx_word' id='word_1_33' title='bbox 958 1376 1146 1465; x_wconf 76' lang='lat' dir='ltr'><strong>sensimque</strong></span> <span class='ocrx_word' id='word_1_34' title='bbox 1156 1377 1244 1442; x_wconf 89' lang='lat' dir='ltr'><strong>enim</strong></span> <span class='ocrx_word' id='word_1_35' title='bbox 1259 1375 1346 1446; x_wconf 87' lang='lat' dir='ltr'><strong>hacc</strong></span> <span class='ocrx_word' id='word_1_36' title='bbox 1364 1381 1580 1460; x_wconf 84' lang='lat' dir='ltr'><strong>evanescant,</strong></span> <span class='ocrx_word' id='word_1_37' title='bbox 1591 1371 1751 1464; x_wconf 84' lang='lat' dir='ltr'><strong>quiajam</strong></span> <span class='ocrx_word' id='word_1_38' title='bbox 1768 1373 1845 1442; x_wconf 86' lang='lat' dir='ltr'><strong>leve</strong></span> <span class='ocrx_word' id='word_1_39' title='bbox 1859 1376 2033 1464; x_wconf 83' lang='lat' dir='ltr'><strong>quoddam</strong></span> 
     </span>
     <span class='ocr_line' id='line_1_6' title="bbox 299 1501 2032 1606; baseline -0.001 -28"><span class='ocrx_word' id='word_1_40' title='bbox 299 1513 473 1605; x_wconf 83' lang='lat' dir='ltr'><strong>pigmenti</strong></span> <span class='ocrx_word' id='word_1_41' title='bbox 483 1511 586 1605; x_wconf 80' lang='lat' dir='ltr'><strong>nigri,</strong></span> <span class='ocrx_word' id='word_1_42' title='bbox 611 1510 706 1603; x_wconf 90' lang='lat' dir='ltr'><strong>quod</strong></span> <span class='ocrx_word' id='word_1_43' title='bbox 724 1521 838 1578; x_wconf 79' lang='lat' dir='ltr'><strong>versus</strong></span> <span class='ocrx_word' id='word_1_44' title='bbox 858 1530 982 1577; x_wconf 91' lang='lat' dir='ltr'><strong>uveam</strong></span> <span class='ocrx_word' id='word_1_45' title='bbox 996 1509 1138 1605; x_wconf 77' lang='lat' dir='ltr'><strong>largiter</strong></span> <span class='ocrx_word' id='word_1_46' title='bbox 1157 1509 1288 1580; x_wconf 81' lang='lat' dir='ltr'><strong>secerni</strong></span> <span class='ocrx_word' id='word_1_47' title='bbox 1313 1501 1440 1606; x_wconf 78' lang='lat' dir='ltr'><strong>per‘git,</strong></span> <span class='ocrx_word' id='word_1_48' title='bbox 1464 1508 1677 1578; x_wconf 85' lang='lat' dir='ltr'><strong>involucrum</strong></span> <span class='ocrx_word' id='word_1_49' title='bbox 1712 1508 1857 1576; x_wconf 81' lang='lat' dir='ltr'><strong>fundum</strong></span> <span class='ocrx_word' id='word_1_50' title='bbox 1881 1507 2032 1582; x_wconf 86' lang='lat' dir='ltr'><strong>chorioi-</strong></span> 
     </span>
     <span class='ocr_line' id='line_1_7' title="bbox 301 1645 929 1716; baseline -0.008 0"><span class='ocrx_word' id='word_1_51' title='bbox 301 1645 390 1716; x_wconf 86' lang='lat' dir='ltr'><strong>dcae</strong></span> <span class='ocrx_word' id='word_1_52' title='bbox 405 1647 567 1716; x_wconf 75' lang='lat' dir='ltr'><strong>&#39;obducit</strong></span> <span class='ocrx_word' id='word_1_53' title='bbox 927 1647 929 1652; x_wconf 79' lang='grc'>’</span> 
     </span>
     <span class='ocr_line' id='line_1_8' title="bbox 299 1775 2034 1876; baseline -0.001 -26"><span class='ocrx_word' id='word_1_54' title='bbox 299 1815 305 1826; x_wconf 90' lang='grc'><em>·</em></span> <span class='ocrx_word' id='word_1_55' title='bbox 404 1782 503 1866; x_wconf 80' lang='lat' dir='ltr'><strong>Quae</strong></span> <span class='ocrx_word' id='word_1_56' title='bbox 529 1779 669 1870; x_wconf 82' lang='lat' dir='ltr'><strong>quidem</strong></span> <span class='ocrx_word' id='word_1_57' title='bbox 693 1780 862 1873; x_wconf 76' lang='lat' dir='ltr'><strong>pigmenti</strong></span> <span class='ocrx_word' id='word_1_58' title='bbox 887 1783 978 1876; x_wconf 81' lang='lat' dir='ltr'><strong>nigri</strong></span> <span class='ocrx_word' id='word_1_59' title='bbox 1002 1781 1156 1874; x_wconf 74' lang='lat' dir='ltr'><strong>vestigia,</strong></span> <span class='ocrx_word' id='word_1_60' title='bbox 1182 1802 1261 1850; x_wconf 86' lang='lat' dir='ltr'><strong>cnm</strong></span> <span class='ocrx_word' id='word_1_61' title='bbox 1287 1777 1370 1848; x_wconf 82' lang='lat' dir='ltr'><strong>levis</strong></span> <span class='ocrx_word' id='word_1_62' title='bbox 1395 1775 1547 1870; x_wconf 87' lang='lat' dir='ltr'><strong>penicilli</strong></span> <span class='ocrx_word' id='word_1_63' title='bbox 1572 1777 1641 1844; x_wconf 76' lang='lat' dir='ltr'><strong>sive</strong></span> <span class='ocrx_word' id='word_1_64' title='bbox 1660 1778 1947 1870; x_wconf 86' lang='lat' dir='ltr'><strong>aqnaelimpidae</strong></span> <span class='ocrx_word' id='word_1_65' title='bbox 1965 1802 2034 1874; x_wconf 73' lang='lat' dir='ltr'><strong>opo</strong></span> 
     </span>
     <span class='ocr_line' id='line_1_9' title="bbox 300 1912 2031 2011; baseline 0 -27"><span class='ocrx_word' id='word_1_66' title='bbox 300 1913 494 2002; x_wconf 85' lang='lat' dir='ltr'><strong>abluuntur,</strong></span> <span class='ocrx_word' id='word_1_67' title='bbox 519 1923 602 1985; x_wconf 89' lang='lat' dir='ltr'><strong>tnnc</strong></span> <span class='ocrx_word' id='word_1_68' title='bbox 626 1915 663 1984; x_wconf 88' lang='lat' dir='ltr'><strong>in</strong></span> <span class='ocrx_word' id='word_1_69' title='bbox 688 1913 888 1984; x_wconf 82' lang='lat' dir='ltr'><strong>clrorioidea</strong></span> <span class='ocrx_word' id='word_1_70' title='bbox 912 1918 1090 2011; x_wconf 78' lang='lat' dir='ltr'><strong>pigmento</strong></span> <span class='ocrx_word' id='word_1_71' title='bbox 1118 1937 1178 1986; x_wconf 87' lang='lat' dir='ltr'><strong>suo</strong></span> <span class='ocrx_word' id='word_1_72' title='bbox 1204 1917 1334 2001; x_wconf 84' lang='lat' dir='ltr'><strong>orbato,</strong></span> <span class='ocrx_word' id='word_1_73' title='bbox 1360 1937 1470 2004; x_wconf 81' lang='lat' dir='ltr'><strong>enque</strong></span> <span class='ocrx_word' id='word_1_74' title='bbox 1491 1912 1641 2005; x_wconf 89' lang='lat' dir='ltr'><strong>pallida,</strong></span> <span class='ocrx_word' id='word_1_75' title='bbox 1668 1935 1746 1981; x_wconf 90' lang='lat' dir='ltr'><strong>com</strong></span> <span class='ocrx_word' id='word_1_76' title='bbox 1771 1921 1901 1982; x_wconf 88' lang='lat' dir='ltr'><strong>armato</strong></span> <span class='ocrx_word' id='word_1_77' title='bbox 1928 1915 2031 1984; x_wconf 88' lang='lat' dir='ltr'><strong>oculo</strong></span> 
     </span>
     <span class='ocr_line' id='line_1_10' title="bbox 299 2039 2036 2144; baseline 0.001 -26"><span class='ocrx_word' id='word_1_78' title='bbox 299 2039 535 2142; x_wconf 85' lang='lat' dir='ltr'><strong>perlustratur,</strong></span> <span class='ocrx_word' id='word_1_79' title='bbox 560 2048 813 2142; x_wconf 82' lang='lat' dir='ltr'><strong>pulcherrimus</strong></span> <span class='ocrx_word' id='word_1_80' title='bbox 836 2061 981 2144; x_wconf 86' lang='lat' dir='ltr'><strong>apparet</strong></span> <span class='ocrx_word' id='word_1_81' title='bbox 1005 2060 1219 2143; x_wconf 85' lang='lat' dir='ltr'><strong>conspectus,</strong></span> <span class='ocrx_word' id='word_1_82' title='bbox 1244 2050 1363 2143; x_wconf 91' lang='lat' dir='ltr'><strong>prodit</strong></span> <span class='ocrx_word' id='word_1_83' title='bbox 1387 2045 1546 2118; x_wconf 81' lang='lat' dir='ltr'><strong>nimirrun</strong></span> <span class='ocrx_word' id='word_1_84' title='bbox 1579 2067 1737 2117; x_wconf 85' lang='lat' dir='ltr'><strong>vasorum</strong></span> <span class='ocrx_word' id='word_1_85' title='bbox 1762 2049 2036 2142; x_wconf 84' lang='lat' dir='ltr'><strong>sanguilerorum</strong></span> 
     </span>
     <span class='ocr_line' id='line_1_11' title="bbox 299 2183 2037 2280; baseline 0.002 -28"><span class='ocrx_word' id='word_1_86' title='bbox 299 2185 393 2254; x_wconf 81' lang='lat' dir='ltr'><strong>orbis</strong></span> <span class='ocrx_word' id='word_1_87' title='bbox 418 2185 646 2273; x_wconf 82' lang='lat' dir='ltr'><strong>nitidissimus,</strong></span> <span class='ocrx_word' id='word_1_88' title='bbox 684 2207 771 2276; x_wconf 77' lang='lat' dir='ltr'><strong>quae</strong></span> <span class='ocrx_word' id='word_1_89' title='bbox 794 2207 839 2254; x_wconf 84' lang='lat' dir='ltr'><strong>ex</strong></span> <span class='ocrx_word' id='word_1_90' title='bbox 862 2197 932 2255; x_wconf 86' lang='lat' dir='ltr'><strong>uno</strong></span> <span class='ocrx_word' id='word_1_91' title='bbox 956 2188 1137 2279; x_wconf 90' lang='lat' dir='ltr'><strong>prosiliunt</strong></span> <span class='ocrx_word' id='word_1_92' title='bbox 1165 2198 1308 2280; x_wconf 84' lang='lat' dir='ltr'><strong>puncto,</strong></span> <span class='ocrx_word' id='word_1_93' title='bbox 1341 2184 1412 2256; x_wconf 90' lang='lat' dir='ltr'><strong>boo</strong></span> <span class='ocrx_word' id='word_1_94' title='bbox 1437 2183 1520 2256; x_wconf 89' lang='lat' dir='ltr'><strong>illuc</strong></span> <span class='ocrx_word' id='word_1_95' title='bbox 1553 2192 1704 2276; x_wconf 78' lang='lat' dir='ltr'><strong>serpunt,</strong></span> <span class='ocrx_word' id='word_1_96' title='bbox 1731 2191 1766 2252; x_wconf 86' lang='lat' dir='ltr'><strong>et</strong></span> <span class='ocrx_word' id='word_1_97' title='bbox 1789 2183 1901 2275; x_wconf 90' lang='lat' dir='ltr'><strong>primo</strong></span> <span class='ocrx_word' id='word_1_98' title='bbox 1926 2187 2037 2256; x_wconf 87' lang='lat' dir='ltr'><strong>intutu</strong></span> 
     </span>
     <span class='ocr_line' id='line_1_12' title="bbox 298 2319 2037 2417; baseline 0.002 -27"><span class='ocrx_word' id='word_1_99' title='bbox 298 2319 469 2392; x_wconf 78' lang='lat' dir='ltr'><strong>maculem</strong></span> <span class='ocrx_word' id='word_1_100' title='bbox 493 2321 632 2390; x_wconf 84' lang='lat' dir='ltr'><strong>rubram</strong></span> <span class='ocrx_word' id='word_1_101' title='bbox 656 2321 814 2388; x_wconf 82' lang='lat' dir='ltr'><strong>simulant</strong></span> <span class='ocrx_word' id='word_1_102' title='bbox 852 2321 938 2412; x_wconf 86' lang='lat' dir='ltr'><strong>(vid.</strong></span> <span class='ocrx_word' id='word_1_103' title='bbox 963 2323 1053 2394; x_wconf 84' lang='lat' dir='ltr'><strong>Tab.</strong></span> <span class='ocrx_word' id='word_1_104' title='bbox 1079 2323 1160 2417; x_wconf 80' lang='lat' dir='ltr'><strong>Fig.</strong></span> <span class='ocrx_word' id='word_1_105' title='bbox 1185 2321 1292 2390; x_wconf 89' lang='lat' dir='ltr'><strong>Xlll.·</strong></span> <span class='ocrx_word' id='word_1_106' title='bbox 1313 2323 1407 2390; x_wconf 85' lang='lat' dir='ltr'><strong>XIV.</strong></span> <span class='ocrx_word' id='word_1_107' title='bbox 1433 2321 1511 2390; x_wconf 86' lang='lat' dir='ltr'><strong>XV.</strong></span> <span class='ocrx_word' id='word_1_108' title='bbox 1536 2319 1631 2390; x_wconf 84' lang='lat' dir='ltr'><strong>xvl.</strong></span> <span class='ocrx_word' id='word_1_109' title='bbox 1657 2320 1769 2390; x_wconf 85' lang='lat' dir='ltr'><strong>XVII.</strong></span> <span class='ocrx_word' id='word_1_110' title='bbox 1794 2319 1909 2409; x_wconf 87' lang='grc' dir='ltr'><strong>ΧΧ.);</strong></span> <span class='ocrx_word' id='word_1_111' title='bbox 1946 2320 2037 2394; x_wconf 81' lang='lat' dir='ltr'><strong>haec</strong></span> 
     </span>
     <span class='ocr_line' id='line_1_13' title="bbox 297 2454 2032 2545; baseline 0.002 -21"><span class='ocrx_word' id='word_1_112' title='bbox 297 2455 434 2524; x_wconf 87' lang='lat' dir='ltr'><strong>macula</strong></span> <span class='ocrx_word' id='word_1_113' title='bbox 458 2463 540 2526; x_wconf 85' lang='lat' dir='ltr'><strong>tuno</strong></span> <span class='ocrx_word' id='word_1_114' title='bbox 565 2476 702 2545; x_wconf 86' lang='lat' dir='ltr'><strong>quoque</strong></span> <span class='ocrx_word' id='word_1_115' title='bbox 728 2457 886 2544; x_wconf 85' lang='lat' dir='ltr'><strong>occurrit,</strong></span> <span class='ocrx_word' id='word_1_116' title='bbox 912 2459 972 2526; x_wconf 89' lang='lat' dir='ltr'><strong>nbi</strong></span> <span class='ocrx_word' id='word_1_117' title='bbox 997 2478 1112 2526; x_wconf 88' lang='lat' dir='ltr'><strong>omues</strong></span> <span class='ocrx_word' id='word_1_118' title='bbox 1137 2455 1235 2525; x_wconf 87' lang='lat' dir='ltr'><strong>bulbi</strong></span> <span class='ocrx_word' id='word_1_119' title='bbox 1266 2454 1402 2524; x_wconf 82' lang='lat' dir='ltr'><strong>lectulis</strong></span> <span class='ocrx_word' id='word_1_120' title='bbox 1423 2456 1557 2525; x_wconf 88' lang='lat' dir='ltr'><strong>tunicae</strong></span> <span class='ocrx_word' id='word_1_121' title='bbox 1587 2455 1729 2542; x_wconf 79' lang='lat' dir='ltr'><strong>rubent,</strong></span> <span class='ocrx_word' id='word_1_122' title='bbox 1765 2454 1855 2544; x_wconf 88' lang='lat' dir='ltr'><strong>(res,</strong></span> <span class='ocrx_word' id='word_1_123' title='bbox 1886 2464 1925 2526; x_wconf 89' lang='lat' dir='ltr'><strong>nt</strong></span> <span class='ocrx_word' id='word_1_124' title='bbox 1948 2455 2032 2526; x_wconf 87' lang='lat' dir='ltr'><strong>mibi</strong></span> 
     </span>
     <span class='ocr_line' id='line_1_14' title="bbox 296 2589 2033 2685; baseline 0.002 -29"><span class='ocrx_word' id='word_1_125' title='bbox 296 2589 439 2678; x_wconf 89' lang='lat' dir='ltr'><strong>quidem</strong></span> <span class='ocrx_word' id='word_1_126' title='bbox 462 2589 615 2677; x_wconf 88' lang='lat' dir='ltr'><strong>videtur,</strong></span> <span class='ocrx_word' id='word_1_127' title='bbox 666 2590 853 2681; x_wconf 81' lang='lat' dir='ltr'><strong>nonnulis)</strong></span> <span class='ocrx_word' id='word_1_128' title='bbox 880 2592 936 2681; x_wconf 72' lang='grc'><strong>6);</strong></span> <span class='ocrx_word' id='word_1_129' title='bbox 989 2601 1113 2684; x_wconf 84' lang='lat' dir='ltr'><strong>postea</strong></span> <span class='ocrx_word' id='word_1_130' title='bbox 1136 2599 1249 2660; x_wconf 83' lang='lat' dir='ltr'><strong>autem</strong></span> <span class='ocrx_word' id='word_1_131' title='bbox 1276 2591 1413 2685; x_wconf 80' lang='lat' dir='ltr'><strong>nigrum</strong></span> <span class='ocrx_word' id='word_1_132' title='bbox 1451 2589 1562 2660; x_wconf 87' lang='lat' dir='ltr'><strong>induit</strong></span> <span class='ocrx_word' id='word_1_133' title='bbox 1586 2590 1758 2678; x_wconf 88' lang='lat' dir='ltr'><strong>colorem,</strong></span> <span class='ocrx_word' id='word_1_134' title='bbox 1811 2591 1869 2682; x_wconf 91' lang='lat' dir='ltr'><strong>qui</strong></span> <span class='ocrx_word' id='word_1_135' title='bbox 1895 2615 1916 2659; x_wconf 83' lang='lat' dir='ltr'><strong>a</strong></span> <span class='ocrx_word' id='word_1_136' title='bbox 1949 2593 2033 2685; x_wconf 82' lang='lat' dir='ltr'><strong>pig-</strong></span> 
     </span>
     <span class='ocr_line' id='line_1_15' title="bbox 297 2723 2034 2827; baseline 0.004 -35"><span class='ocrx_word' id='word_1_137' title='bbox 297 2733 415 2810; x_wconf 85' lang='lat' dir='ltr'><strong>mento</strong></span> <span class='ocrx_word' id='word_1_138' title='bbox 446 2723 549 2817; x_wconf 79' lang='lat' dir='ltr'><strong>nigro</strong></span> <span class='ocrx_word' id='word_1_139' title='bbox 584 2723 726 2818; x_wconf 79' lang='lat' dir='ltr'><strong>largiter</strong></span> <span class='ocrx_word' id='word_1_140' title='bbox 749 2726 794 2827; x_wconf 88' lang='lat' dir='ltr'><strong>in</strong></span> <span class='ocrx_word' id='word_1_141' title='bbox 828 2724 908 2794; x_wconf 83' lang='lat' dir='ltr'><strong>loco</strong></span> <span class='ocrx_word' id='word_1_142' title='bbox 942 2735 1207 2796; x_wconf 80' lang='lat' dir='ltr'><strong>commemorato</strong></span> <span class='ocrx_word' id='word_1_143' title='bbox 1241 2735 1373 2798; x_wconf 86' lang='lat' dir='ltr'><strong>secreto</strong></span> <span class='ocrx_word' id='word_1_144' title='bbox 1419 2727 1546 2806; x_wconf 83' lang='lat' dir='ltr'><strong>oritur;</strong></span> <span class='ocrx_word' id='word_1_145' title='bbox 1591 2727 1653 2794; x_wconf 84' lang='lat' dir='ltr'><strong>sub</strong></span> <span class='ocrx_word' id='word_1_146' title='bbox 1686 2725 1757 2796; x_wconf 90' lang='lat' dir='ltr'><strong>boo</strong></span> <span class='ocrx_word' id='word_1_147' title='bbox 1794 2736 1905 2796; x_wconf 86' lang='lat' dir='ltr'><strong>autem</strong></span> <span class='ocrx_word' id='word_1_148' title='bbox 1937 2725 2034 2799; x_wconf 77' lang='lat' dir='ltr'><strong>haud</strong></span> 
     </span>
     <span class='ocr_line' id='line_1_16' title="bbox 298 2861 2033 2955; baseline 0.002 -29"><span class='ocrx_word' id='word_1_149' title='bbox 298 2878 408 2948; x_wconf 85' lang='lat' dir='ltr'><strong>parva</strong></span> <span class='ocrx_word' id='word_1_150' title='bbox 431 2880 589 2927; x_wconf 90' lang='lat' dir='ltr'><strong>vasorum</strong></span> <span class='ocrx_word' id='word_1_151' title='bbox 613 2861 886 2952; x_wconf 80' lang='lat' dir='ltr'><strong>sangoilerorum</strong></span> <span class='ocrx_word' id='word_1_152' title='bbox 912 2863 1013 2955; x_wconf 84' lang='lat' dir='ltr'><strong>copia</strong></span> <span class='ocrx_word' id='word_1_153' title='bbox 1038 2864 1131 2950; x_wconf 88' lang='lat' dir='ltr'><strong>latet,</strong></span> <span class='ocrx_word' id='word_1_154' title='bbox 1158 2884 1247 2952; x_wconf 86' lang='lat' dir='ltr'><strong>qnae</strong></span> <span class='ocrx_word' id='word_1_155' title='bbox 1272 2865 1342 2932; x_wconf 84' lang='lat' dir='ltr'><strong>vita</strong></span> <span class='ocrx_word' id='word_1_156' title='bbox 1366 2861 1515 2954; x_wconf 83' lang='lat' dir='ltr'><strong>quadam</strong></span> <span class='ocrx_word' id='word_1_157' title='bbox 1539 2861 1685 2954; x_wconf 81' lang='lat' dir='ltr'><strong>proprie</strong></span> <span class='ocrx_word' id='word_1_158' title='bbox 1710 2870 1768 2930; x_wconf 91' lang='lat' dir='ltr'><strong>aut</strong></span> <span class='ocrx_word' id='word_1_159' title='bbox 1791 2863 1867 2932; x_wconf 90' lang='lat' dir='ltr'><strong>nisu</strong></span> <span class='ocrx_word' id='word_1_160' title='bbox 1883 2861 2033 2950; x_wconf 84' lang='lat' dir='ltr'><strong>quodam</strong></span> 
     </span>
     <span class='ocr_line' id='line_1_17' title="bbox 295 2961 1248 3089; baseline 0.007 -30"><span class='ocrx_word' id='word_1_161' title='bbox 295 2993 511 3088; x_wconf 80' lang='lat' dir='ltr'><strong>pigmentum</strong></span> <span class='ocrx_word' id='word_1_162' title='bbox 537 2993 676 3087; x_wconf 79' lang='lat' dir='ltr'><strong>nigrum</strong></span> <span class='ocrx_word' id='word_1_163' title='bbox 700 2995 901 3065; x_wconf 81' lang='lat' dir='ltr'><strong>secernendi</strong></span> <span class='ocrx_word' id='word_1_164' title='bbox 926 2961 1078 3089; x_wconf 81' lang='lat' dir='ltr'><strong>gaudere</strong></span> <span class='ocrx_word' id='word_1_165' title='bbox 1103 2997 1248 3066; x_wconf 78' lang='lat' dir='ltr'><strong>videtur.</strong></span> 
     </span>
    </p>

    <p class='ocr_par' dir='ltr' id='par_1_4' title="bbox 296 3127 2111 3496">
     <span class='ocr_line' id='line_1_18' title="bbox 424 3127 2031 3224; baseline 0.004 -27"><span class='ocrx_word' id='word_1_166' title='bbox 424 3127 550 3198; x_wconf 88' lang='lat' dir='ltr'><strong>Versus</strong></span> <span class='ocrx_word' id='word_1_167' title='bbox 575 3151 705 3200; x_wconf 89' lang='lat' dir='ltr'><strong>nonum</strong></span> <span class='ocrx_word' id='word_1_168' title='bbox 716 3131 806 3200; x_wconf 84' lang='lat' dir='ltr'><strong>vitae</strong></span> <span class='ocrx_word' id='word_1_169' title='bbox 822 3132 973 3200; x_wconf 87' lang='lat' dir='ltr'><strong>uterinae</strong></span> <span class='ocrx_word' id='word_1_170' title='bbox 991 3153 1141 3202; x_wconf 84' lang='lat' dir='ltr'><strong>mensem</strong></span> <span class='ocrx_word' id='word_1_171' title='bbox 1153 3133 1409 3224; x_wconf 87' lang='lat' dir='ltr'><strong>protuberantia</strong></span> <span class='ocrx_word' id='word_1_172' title='bbox 1427 3132 1658 3220; x_wconf 86' lang='lat' dir='ltr'><strong>soleroticalis,</strong></span> <span class='ocrx_word' id='word_1_173' title='bbox 1683 3140 1721 3201; x_wconf 81' lang='lat' dir='ltr'><strong>ut</strong></span> <span class='ocrx_word' id='word_1_174' title='bbox 1734 3132 1810 3224; x_wconf 85' lang='lat' dir='ltr'><strong>jam</strong></span> <span class='ocrx_word' id='word_1_175' title='bbox 1832 3133 2031 3224; x_wconf 79' lang='lat' dir='ltr'><strong>audivimus,</strong></span> 
     </span>
     <span class='ocr_line' id='line_1_19' title="bbox 297 3263 2030 3359; baseline 0.006 -30"><span class='ocrx_word' id='word_1_176' title='bbox 297 3263 478 3350; x_wconf 83' lang='lat' dir='ltr'><strong>evanescit,</strong></span> <span class='ocrx_word' id='word_1_177' title='bbox 503 3272 586 3335; x_wconf 81' lang='lat' dir='ltr'><strong>aune</strong></span> <span class='ocrx_word' id='word_1_178' title='bbox 610 3263 702 3338; x_wconf 83' lang='lat' dir='ltr'><strong>hanc</strong></span> <span class='ocrx_word' id='word_1_179' title='bbox 727 3267 925 3338; x_wconf 87' lang='lat' dir='ltr'><strong>scleroticae</strong></span> <span class='ocrx_word' id='word_1_180' title='bbox 945 3276 1080 3359; x_wconf 84' lang='lat' dir='ltr'><strong>partem</strong></span> <span class='ocrx_word' id='word_1_181' title='bbox 1104 3269 1227 3338; x_wconf 83' lang='lat' dir='ltr'><strong>arteria</strong></span> <span class='ocrx_word' id='word_1_182' title='bbox 1252 3266 1377 3338; x_wconf 85' lang='lat' dir='ltr'><strong>ciliaris</strong></span> <span class='ocrx_word' id='word_1_183' title='bbox 1390 3267 1557 3359; x_wconf 84' lang='lat' dir='ltr'><strong>perierat,</strong></span> <span class='ocrx_word' id='word_1_184' title='bbox 1584 3268 1631 3336; x_wconf 89' lang='lat' dir='ltr'><strong>ad</strong></span> <span class='ocrx_word' id='word_1_185' title='bbox 1657 3265 1892 3338; x_wconf 85' lang='lat' dir='ltr'><strong>chorioideam</strong></span> <span class='ocrx_word' id='word_1_186' title='bbox 1911 3269 2030 3357; x_wconf 79' lang='lat' dir='ltr'><strong>tendit,</strong></span> 
     </span>
     <span class='ocr_line' id='line_1_20' title="bbox 296 3373 2111 3496; baseline 0.005 -33"><span class='ocrx_word' id='word_1_187' title='bbox 296 3395 413 3486; x_wconf 83' lang='lat' dir='ltr'><strong>ibique</strong></span> <span class='ocrx_word' id='word_1_188' title='bbox 447 3419 526 3468; x_wconf 87' lang='lat' dir='ltr'><strong>oum</strong></span> <span class='ocrx_word' id='word_1_189' title='bbox 558 3399 646 3469; x_wconf 83' lang='lat' dir='ltr'><strong>vasis</strong></span> <span class='ocrx_word' id='word_1_190' title='bbox 670 3401 872 3494; x_wconf 77' lang='lat' dir='ltr'><strong>sanguiieris</strong></span> <span class='ocrx_word' id='word_1_191' title='bbox 905 3399 1008 3495; x_wconf 85' lang='lat' dir='ltr'><strong>hujus</strong></span> <span class='ocrx_word' id='word_1_192' title='bbox 1033 3405 1177 3490; x_wconf 84' lang='lat' dir='ltr'><strong>tunicae,</strong></span> <span class='ocrx_word' id='word_1_193' title='bbox 1205 3424 1293 3493; x_wconf 86' lang='lat' dir='ltr'><strong>quae</strong></span> <span class='ocrx_word' id='word_1_194' title='bbox 1319 3403 1424 3472; x_wconf 92' lang='lat' dir='ltr'><strong>modo</strong></span> <span class='ocrx_word' id='word_1_195' title='bbox 1457 3403 1715 3488; x_wconf 76' lang='lat' dir='ltr'><strong>nominavimus,</strong></span> <span class='ocrx_word' id='word_1_196' title='bbox 1742 3403 1909 3496; x_wconf 81' lang='lat' dir='ltr'><strong>conjungi</strong></span> <span class='ocrx_word' id='word_1_197' title='bbox 1934 3403 2030 3472; x_wconf 87' lang='lat' dir='ltr'><strong>solet.</strong></span> <span class='ocrx_word' id='word_1_198' title='bbox 2105 3373 2111 3386; x_wconf 44' lang='grc'><strong><em>’</em></strong></span> 
     </span>
    </p>

    <p class='ocr_par' dir='ltr' id='par_1_5' title="bbox 291 3531 2035 4174">
     <span class='ocr_line' id='line_1_21' title="bbox 426 3531 2033 3630; baseline 0.007 -30"><span class='ocrx_word' id='word_1_199' title='bbox 426 3531 527 3604; x_wconf 79' lang='lat' dir='ltr'><strong>Haec</strong></span> <span class='ocrx_word' id='word_1_200' title='bbox 553 3534 773 3605; x_wconf 86' lang='lat' dir='ltr'><strong>chorioideae</strong></span> <span class='ocrx_word' id='word_1_201' title='bbox 798 3537 906 3629; x_wconf 84' lang='lat' dir='ltr'><strong>regio,</strong></span> <span class='ocrx_word' id='word_1_202' title='bbox 934 3559 1021 3628; x_wconf 87' lang='lat' dir='ltr'><strong>quae</strong></span> <span class='ocrx_word' id='word_1_203' title='bbox 1045 3540 1269 3630; x_wconf 78' lang='lat' dir='ltr'><strong>posteriorem</strong></span> <span class='ocrx_word' id='word_1_204' title='bbox 1293 3541 1448 3612; x_wconf 83' lang='lat' dir='ltr'><strong>maculae</strong></span> <span class='ocrx_word' id='word_1_205' title='bbox 1473 3539 1585 3608; x_wconf 78' lang='lat' dir='ltr'><strong>luteae</strong></span> <span class='ocrx_word' id='word_1_206' title='bbox 1611 3537 1736 3609; x_wconf 81' lang='lat' dir='ltr'><strong>faciem</strong></span> <span class='ocrx_word' id='word_1_207' title='bbox 1751 3539 1849 3629; x_wconf 82' lang='lat' dir='ltr'><strong>tegit,</strong></span> <span class='ocrx_word' id='word_1_208' title='bbox 1875 3561 1940 3629; x_wconf 92' lang='lat' dir='ltr'><strong>per</strong></span> <span class='ocrx_word' id='word_1_209' title='bbox 1958 3561 2033 3612; x_wconf 84' lang='lat' dir='ltr'><strong>vm·-</strong></span> 
     </span>
     <span class='ocr_line' id='line_1_22' title="bbox 294 3666 2034 3768; baseline 0.002 -32"><span class='ocrx_word' id='word_1_210' title='bbox 294 3685 340 3736; x_wconf 87' lang='lat' dir='ltr'><strong>ne</strong></span> <span class='ocrx_word' id='word_1_211' title='bbox 358 3666 447 3734; x_wconf 84' lang='lat' dir='ltr'><strong>vitae</strong></span> <span class='ocrx_word' id='word_1_212' title='bbox 470 3676 607 3762; x_wconf 80' lang='lat' dir='ltr'><strong>tempus</strong></span> <span class='ocrx_word' id='word_1_213' title='bbox 625 3672 731 3764; x_wconf 88' lang='lat' dir='ltr'><strong>paulo</strong></span> <span class='ocrx_word' id='word_1_214' title='bbox 757 3671 895 3761; x_wconf 80' lang='lat' dir='ltr'><strong>fuscior,</strong></span> <span class='ocrx_word' id='word_1_215' title='bbox 921 3681 968 3760; x_wconf 82' lang='lat' dir='ltr'><strong>et,</strong></span> <span class='ocrx_word' id='word_1_216' title='bbox 987 3681 1026 3742; x_wconf 85' lang='lat' dir='ltr'><strong>ut</strong></span> <span class='ocrx_word' id='word_1_217' title='bbox 1039 3674 1318 3768; x_wconf 75' lang='lat' dir='ltr'><strong>Soemmerringii</strong></span> <span class='ocrx_word' id='word_1_218' title='bbox 1342 3684 1419 3744; x_wconf 76' lang='lat' dir='ltr'><strong>utor</strong></span> <span class='ocrx_word' id='word_1_219' title='bbox 1444 3675 1569 3762; x_wconf 81' lang='lat' dir='ltr'><strong>verbis,</strong></span> <span class='ocrx_word' id='word_1_220' title='bbox 1596 3675 1656 3764; x_wconf 88' lang='lat' dir='ltr'><strong>qni</strong></span> <span class='ocrx_word' id='word_1_221' title='bbox 1667 3672 1737 3744; x_wconf 89' lang='lat' dir='ltr'><strong>lroo</strong></span> <span class='ocrx_word' id='word_1_222' title='bbox 1762 3673 2034 3764; x_wconf 87' lang='lat' dir='ltr'><strong>phoenomenon</strong></span> 
     </span>
     <span class='ocr_line' id='line_1_23' title="bbox 291 3801 2033 3902; baseline 0.004 -34"><span class='ocrx_word' id='word_1_223' title='bbox 291 3801 367 3894; x_wconf 82' lang='lat' dir='ltr'><strong>jam</strong></span> <span class='ocrx_word' id='word_1_224' title='bbox 392 3803 593 3893; x_wconf 75' lang='lat' dir='ltr'><strong>observavit,</strong></span> <span class='ocrx_word' id='word_1_225' title='bbox 620 3807 898 3897; x_wconf 74' lang='lat' dir='ltr'><strong>observatumque</strong></span> <span class='ocrx_word' id='word_1_226' title='bbox 923 3808 1115 3900; x_wconf 80' lang='lat' dir='ltr'><strong>descripsit,</strong></span> <span class='ocrx_word' id='word_1_227' title='bbox 1133 3811 1242 3902; x_wconf 79' lang='lat' dir='ltr'><strong>magis</strong></span> <span class='ocrx_word' id='word_1_228' title='bbox 1267 3812 1371 3879; x_wconf 74' lang='lat' dir='ltr'><strong>badia</strong></span> <span class='ocrx_word' id='word_1_229' title='bbox 1396 3816 1542 3902; x_wconf 86' lang='lat' dir='ltr'><strong>apparet</strong></span> <span class='ocrx_word' id='word_1_230' title='bbox 1560 3809 1596 3899; x_wconf 79' lang='lat'><strong>⁷)</strong></span> <span class='ocrx_word' id='word_1_231' title='bbox 1620 3808 1703 3877; x_wconf 83' lang='lat' dir='ltr'><strong>inde</strong></span> <span class='ocrx_word' id='word_1_232' title='bbox 1719 3831 1739 3876; x_wconf 88' lang='lat' dir='ltr'><strong>a</strong></span> <span class='ocrx_word' id='word_1_233' title='bbox 1756 3807 1891 3878; x_wconf 88' lang='lat' dir='ltr'><strong>decimo</strong></span> <span class='ocrx_word' id='word_1_234' title='bbox 1911 3813 2033 3897; x_wconf 87' lang='lat' dir='ltr'><strong>quarto</strong></span> 
     </span>
     <span class='ocr_line' id='line_1_24' title="bbox 296 3936 2033 4038; baseline 0.004 -35"><span class='ocrx_word' id='word_1_235' title='bbox 296 3936 437 4025; x_wconf 90' lang='lat' dir='ltr'><strong>quidem</strong></span> <span class='ocrx_word' id='word_1_236' title='bbox 461 3939 552 4008; x_wconf 88' lang='lat' dir='ltr'><strong>vitae</strong></span> <span class='ocrx_word' id='word_1_237' title='bbox 576 3963 702 4029; x_wconf 83' lang='lat' dir='ltr'><strong>mense,</strong></span> <span class='ocrx_word' id='word_1_238' title='bbox 738 3943 830 4012; x_wconf 89' lang='lat' dir='ltr'><strong>unde</strong></span> <span class='ocrx_word' id='word_1_239' title='bbox 854 3944 975 4038; x_wconf 84' lang='lat' dir='ltr'><strong>colligi</strong></span> <span class='ocrx_word' id='word_1_240' title='bbox 999 3945 1138 4037; x_wconf 84' lang='lat' dir='ltr'><strong>poterit,</strong></span> <span class='ocrx_word' id='word_1_241' title='bbox 1163 3943 1255 4017; x_wconf 83' lang='lat' dir='ltr'><strong>bauo</strong></span> <span class='ocrx_word' id='word_1_242' title='bbox 1279 3945 1377 4036; x_wconf 85' lang='lat' dir='ltr'><strong>bulbi</strong></span> <span class='ocrx_word' id='word_1_243' title='bbox 1402 3951 1538 4037; x_wconf 81' lang='lat' dir='ltr'><strong>portem</strong></span> <span class='ocrx_word' id='word_1_244' title='bbox 1562 3965 1648 4037; x_wconf 89' lang='lat' dir='ltr'><strong>prae</strong></span> <span class='ocrx_word' id='word_1_245' title='bbox 1674 3943 1815 4014; x_wconf 66' lang='lat' dir='ltr'><strong>canens</strong></span> <span class='ocrx_word' id='word_1_246' title='bbox 1840 3943 1926 4011; x_wconf 81' lang='lat' dir='ltr'><strong>vesis</strong></span> <span class='ocrx_word' id='word_1_247' title='bbox 1952 3963 2033 4010; x_wconf 50' lang='lat' dir='ltr'><strong>san·¹</strong></span> 
     </span>
     <span class='ocr_line' id='line_1_25' title="bbox 294 4068 2035 4174; baseline 0.002 -35"><span class='ocrx_word' id='word_1_248' title='bbox 294 4068 445 4163; x_wconf 75' lang='lat' dir='ltr'><strong>gulferio</strong></span> <span class='ocrx_word' id='word_1_249' title='bbox 465 4074 573 4166; x_wconf 87' lang='lat' dir='ltr'><strong>iisque</strong></span> <span class='ocrx_word' id='word_1_250' title='bbox 598 4079 827 4169; x_wconf 83' lang='lat' dir='ltr'><strong>peculiaribus</strong></span> <span class='ocrx_word' id='word_1_251' title='bbox 864 4079 1061 4152; x_wconf 68' lang='lat' dir='ltr'><strong>intructom</strong></span> <span class='ocrx_word' id='word_1_252' title='bbox 1093 4101 1166 4150; x_wconf 86' lang='lat' dir='ltr'><strong>esse</strong></span> <span class='ocrx_word' id='word_1_253' title='bbox 1190 4081 1237 4150; x_wconf 85' lang='lat' dir='ltr'><strong>ad</strong></span> <span class='ocrx_word' id='word_1_254' title='bbox 1260 4081 1443 4174; x_wconf 86' lang='lat' dir='ltr'><strong>proprium</strong></span> <span class='ocrx_word' id='word_1_255' title='bbox 1468 4081 1641 4173; x_wconf 85' lang='lat' dir='ltr'><strong>quendam</strong></span> <span class='ocrx_word' id='word_1_256' title='bbox 1665 4099 1773 4164; x_wconf 77' lang='lat' dir='ltr'><strong>asmo,</strong></span> <span class='ocrx_word' id='word_1_257' title='bbox 1810 4075 1950 4166; x_wconf 85' lang='lat' dir='ltr'><strong>dequo</strong></span> <span class='ocrx_word' id='word_1_258' title='bbox 1975 4077 2035 4144; x_wconf 88' lang='lat' dir='ltr'><strong>in·</strong></span> 
     </span>
    </p>
   </div>
   <div class='ocr_carea' id='block_1_2' title="bbox 150 4187 1726 4278">
    <p class='ocr_par' dir='ltr' id='par_1_6' title="bbox 150 4187 1726 4278">
     <span class='ocr_line' id='line_1_26' title="bbox 150 4187 1726 4278; baseline 0.006 -8"><span class='ocrx_word' id='word_1_259' title='bbox 150 4187 155 4196; x_wconf 50' lang='lat'><strong>⁶</strong></span> <span class='ocrx_word' id='word_1_260' title='bbox 295 4203 585 4278; x_wconf 82' lang='lat' dir='ltr'><strong>irasermoerit</strong></span> <span class='ocrx_word' id='word_1_261' title='bbox 1722 4235 1726 4242; x_wconf 92' lang='lat'>·</span> 
     </span>
    </p>
   </div>
   <div class='ocr_carea' id='block_1_3' title="bbox 292 4313 2030 4574">
    <p class='ocr_par' dir='ltr' id='par_1_7' title="bbox 292 4313 2030 4574">
     <span class='ocr_line' id='line_1_27' title="bbox 424 4313 2030 4442; baseline 0.002 -31"><span class='ocrx_word' id='word_1_262' title='bbox 424 4343 505 4415; x_wconf 76' lang='lat' dir='ltr'><strong>Jam</strong></span> <span class='ocrx_word' id='word_1_263' title='bbox 530 4343 612 4414; x_wconf 84' lang='lat' dir='ltr'><strong>vero</strong></span> <span class='ocrx_word' id='word_1_264' title='bbox 637 4346 684 4416; x_wconf 86' lang='lat' dir='ltr'><strong>ad</strong></span> <span class='ocrx_word' id='word_1_265' title='bbox 708 4349 835 4420; x_wconf 89' lang='lat' dir='ltr'><strong>retinae</strong></span> <span class='ocrx_word' id='word_1_266' title='bbox 860 4361 1016 4421; x_wconf 88' lang='lat' dir='ltr'><strong>naturam</strong></span> <span class='ocrx_word' id='word_1_267' title='bbox 1042 4360 1076 4422; x_wconf 90' lang='lat' dir='ltr'><strong>et</strong></span> <span class='ocrx_word' id='word_1_268' title='bbox 1100 4313 1332 4423; x_wconf 82' lang='lat' dir='ltr'><strong>conditionem</strong></span> <span class='ocrx_word' id='word_1_269' title='bbox 1357 4363 1436 4424; x_wconf 82' lang='lat' dir='ltr'><strong>unte</strong></span> <span class='ocrx_word' id='word_1_270' title='bbox 1470 4319 1628 4424; x_wconf 80' lang='lat' dir='ltr'><strong>maculae</strong></span> <span class='ocrx_word' id='word_1_271' title='bbox 1647 4353 1764 4419; x_wconf 86' lang='lat' dir='ltr'><strong>luteae</strong></span> <span class='ocrx_word' id='word_1_272' title='bbox 1784 4347 1928 4442; x_wconf 81' lang='lat' dir='ltr'><strong>genesin</strong></span> <span class='ocrx_word' id='word_1_273' title='bbox 1953 4354 2030 4414; x_wconf 91' lang='lat' dir='ltr'><strong>tan-</strong></span> 
     </span>
     <span class='ocr_line' id='line_1_28' title="bbox 292 4478 2030 4574; baseline -0.008 -10"><span class='ocrx_word' id='word_1_274' title='bbox 292 4493 399 4564; x_wconf 69' lang='lat' dir='ltr'><strong>im</strong></span> <span class='ocrx_word' id='word_1_275' title='bbox 425 4478 472 4546; x_wconf 59' lang='lat' dir='ltr'><strong>ad</strong></span> <span class='ocrx_word' id='word_1_276' title='bbox 497 4483 673 4560; x_wconf 62' lang='lat' dir='ltr'><strong>cardinum</strong></span> <span class='ocrx_word' id='word_1_277' title='bbox 699 4486 802 4562; x_wconf 77' lang='lat' dir='ltr'><strong>totius</strong></span> <span class='ocrx_word' id='word_1_278' title='bbox 828 4487 1071 4562; x_wconf 60' lang='lat' dir='ltr'><strong>denotionis</strong></span> <span class='ocrx_word' id='word_1_279' title='bbox 1095 4483 1300 4564; x_wconf 73' lang='lat' dir='ltr'><strong>vertendum</strong></span> <span class='ocrx_word' id='word_1_280' title='bbox 1320 4500 1380 4566; x_wconf 78' lang='lat' dir='ltr'><strong>est,</strong></span> <span class='ocrx_word' id='word_1_281' title='bbox 1431 4490 1470 4560; x_wconf 82' lang='lat' dir='ltr'><strong>Si</strong></span> <span class='ocrx_word' id='word_1_282' title='bbox 1493 4483 1646 4560; x_wconf 66' lang='lat' dir='ltr'><strong>noent</strong></span> <span class='ocrx_word' id='word_1_283' title='bbox 1662 4484 1811 4560; x_wconf 78' lang='lat' dir='ltr'><strong>,Gallum</strong></span> <span class='ocrx_word' id='word_1_284' title='bbox 1843 4482 1878 4574; x_wconf 69' lang='grc'><strong>8)</strong></span> <span class='ocrx_word' id='word_1_285' title='bbox 1898 4490 1933 4552; x_wconf 88' lang='lat' dir='ltr'><strong>et</strong></span> <span class='ocrx_word' id='word_1_286' title='bbox 1956 4481 2030 4552; x_wconf 88' lang='lat' dir='ltr'><strong>Mi-</strong></span> 
     </span>
    </p>
   </div>
   <div class='ocr_carea' id='block_1_4' title="bbox 329 4688 2031 4878">
    <p class='ocr_par' dir='ltr' id='par_1_8' title="bbox 329 4660 2031 4878">
     <span class='ocr_line' id='line_1_29' title="bbox 329 4688 2029 4770; baseline 0.002 -28"><span class='ocrx_word' id='word_1_287' title='bbox 329 4689 358 4754; x_wconf 83' lang='lat'><strong>6)</strong></span> <span class='ocrx_word' id='word_1_288' title='bbox 377 4688 481 4744; x_wconf 77' lang='lat' dir='ltr'><strong>conten</strong></span> <span class='ocrx_word' id='word_1_289' title='bbox 494 4691 625 4746; x_wconf 83' lang='lat' dir='ltr'><strong>Brende</strong></span> <span class='ocrx_word' id='word_1_290' title='bbox 635 4692 672 4748; x_wconf 88' lang='lat' dir='ltr'><strong>ll</strong></span> <span class='ocrx_word' id='word_1_291' title='bbox 689 4695 706 4748; x_wconf 88' lang='lat' dir='ltr'><strong>l.</strong></span> <span class='ocrx_word' id='word_1_292' title='bbox 725 4701 753 4750; x_wconf 80' lang='lat' dir='ltr'><strong>et</strong></span> <span class='ocrx_word' id='word_1_293' title='bbox 767 4716 836 4769; x_wconf 85' lang='lat' dir='ltr'><strong>quac</strong></span> <span class='ocrx_word' id='word_1_294' title='bbox 847 4699 935 4756; x_wconf 82' lang='lat' dir='ltr'><strong>dehac</strong></span> <span class='ocrx_word' id='word_1_295' title='bbox 952 4703 1029 4758; x_wconf 79' lang='lat' dir='ltr'><strong>rubro</strong></span> <span class='ocrx_word' id='word_1_296' title='bbox 1045 4703 1161 4759; x_wconf 83' lang='lat' dir='ltr'><strong>foetuum</strong></span> <span class='ocrx_word' id='word_1_297' title='bbox 1175 4703 1353 4760; x_wconf 62' lang='lat' dir='ltr'><strong>motivum</strong></span> <span class='ocrx_word' id='word_1_298' title='bbox 1361 4701 1492 4756; x_wconf 72' lang='lat' dir='ltr'><strong>oculorum</strong></span> <span class='ocrx_word' id='word_1_299' title='bbox 1502 4699 1650 4770; x_wconf 75' lang='lat' dir='ltr'><strong>eondip&#39;one</strong></span> <span class='ocrx_word' id='word_1_300' title='bbox 1661 4698 1715 4756; x_wconf 81' lang='lat' dir='ltr'><strong>diri</strong></span> <span class='ocrx_word' id='word_1_301' title='bbox 1725 4697 1766 4752; x_wconf 77' lang='lat' dir='ltr'><strong>iux</strong></span> <span class='ocrx_word' id='word_1_302' title='bbox 1783 4695 1903 4752; x_wconf 80' lang='lat' dir='ltr'><strong>Heokers</strong></span> <span class='ocrx_word' id='word_1_303' title='bbox 1913 4691 2029 4748; x_wconf 76' lang='lat' dir='ltr'><strong>duualun</strong></span> 
     </span>
     <span class='ocr_line' id='line_1_30' title="bbox 362 4787 2031 4878; baseline -0.008 -18"><span class='ocrx_word' id='word_1_304' title='bbox 362 4787 584 4860; x_wconf 57' lang='lat' dir='ltr'><strong>desumto</strong></span> <span class='ocrx_word' id='word_1_305' title='bbox 601 4794 761 4864; x_wconf 57' lang='lat' dir='ltr'><strong>umnec,</strong></span> <span class='ocrx_word' id='word_1_306' title='bbox 776 4799 810 4854; x_wconf 82' lang='lat' dir='ltr'><strong>a</strong></span> <span class='ocrx_word' id='word_1_307' title='bbox 825 4801 849 4868; x_wconf 67' lang='lat' dir='ltr'><strong>a</strong></span> <span class='ocrx_word' id='word_1_308' title='bbox 865 4818 892 4873; x_wconf 74' lang='grc' dir='ltr'><strong>ρ.</strong></span> <span class='ocrx_word' id='word_1_309' title='bbox 910 4804 967 4862; x_wconf 71' lang='lat' dir='ltr'><strong>iss</strong></span> <span class='ocrx_word' id='word_1_310' title='bbox 1001 4805 1057 4860; x_wconf 73' lang='lat' dir='ltr'><strong>o..</strong></span> <span class='ocrx_word' id='word_1_311' title='bbox 1073 4805 1269 4878; x_wconf 59' lang='lat' dir='ltr'><strong>„eorumne</strong></span> <span class='ocrx_word' id='word_1_312' title='bbox 1284 4805 1428 4863; x_wconf 60' lang='lat' dir='ltr'><strong>venosa</strong></span> <span class='ocrx_word' id='word_1_313' title='bbox 1440 4804 1487 4860; x_wconf 72' lang='lat' dir='ltr'><strong>n·</strong></span> <span class='ocrx_word' id='word_1_314' title='bbox 1510 4804 1611 4860; x_wconf 76' lang='lat' dir='ltr'><strong>saon</strong></span> <span class='ocrx_word' id='word_1_315' title='bbox 1626 4801 1680 4856; x_wconf 77' lang='lat' dir='ltr'><strong>una</strong></span> <span class='ocrx_word' id='word_1_316' title='bbox 1696 4799 1781 4854; x_wconf 59' lang='lat' dir='ltr'><strong>„aa</strong></span> <span class='ocrx_word' id='word_1_317' title='bbox 1796 4799 1886 4852; x_wconf 71' lang='lat' dir='ltr'><strong>naue</strong></span> <span class='ocrx_word' id='word_1_318' title='bbox 1904 4795 2031 4850; x_wconf 70' lang='lat' dir='ltr'><strong>wanno</strong></span> 
     </span>
    </p>
   </div>
   <div class='ocr_carea' id='block_1_5' title="bbox 363 4889 2122 4978">
    <p class='ocr_par' dir='ltr' id='par_1_9' title="bbox 363 4889 2122 4978">
     <span class='ocr_line' id='line_1_31' title="bbox 363 4889 2122 4978; baseline 0.018 -35"><span class='ocrx_word' id='word_1_319' title='bbox 363 4889 410 4944; x_wconf 78' lang='lat' dir='ltr'><strong>deu</strong></span> <span class='ocrx_word' id='word_1_320' title='bbox 425 4892 612 4951; x_wconf 78' lang='lat' dir='ltr'><strong>Verbutuder</strong></span> <span class='ocrx_word' id='word_1_321' title='bbox 628 4897 798 4968; x_wconf 75' lang='lat' dir='ltr'><strong>Opbtbalmio</strong></span> <span class='ocrx_word' id='word_1_322' title='bbox 814 4909 994 4960; x_wconf 76' lang='lat' dir='ltr'><strong>momorum.</strong></span> <span class='ocrx_word' id='word_1_323' title='bbox 1026 4908 1078 4962; x_wconf 75' lang='lat' dir='ltr'><strong>liin</strong></span> <span class='ocrx_word' id='word_1_324' title='bbox 1100 4905 1494 4978; x_wconf 63' lang='lat' dir='ltr'><strong>penelopen-outenheim</strong></span> <span class='ocrx_word' id='word_1_325' title='bbox 1510 4905 1671 4977; x_wconf 15' lang='lat' dir='ltr'><strong>*Fremant</strong></span> <span class='ocrx_word' id='word_1_326' title='bbox 1703 4902 1779 4956; x_wconf 81' lang='lat' dir='ltr'><strong>Tunc</strong></span> <span class='ocrx_word' id='word_1_327' title='bbox 1811 4899 1889 4966; x_wconf 69' lang='lat' dir='ltr'><strong>Wolf</strong></span> <span class='ocrx_word' id='word_1_328' title='bbox 1907 4895 2029 4964; x_wconf 63' lang='lat' dir='ltr'><strong>fflfflli*</strong></span> <span class='ocrx_word' id='word_1_329' title='bbox 2119 4969 2122 4974; x_wconf 93' lang='lat'>.</span> 
     </span>
    </p>
   </div>
   <div class='ocr_carea' id='block_1_6' title="bbox 327 4991 2135 5282">
    <p class='ocr_par' dir='ltr' id='par_1_10' title="bbox 327 4991 2135 5282">
     <span class='ocr_line' id='line_1_32' title="bbox 361 4991 2135 5082; baseline 0.008 -39"><span class='ocrx_word' id='word_1_330' title='bbox 361 4991 473 5062; x_wconf 73' lang='lat' dir='ltr'><strong>umoris),</strong></span> <span class='ocrx_word' id='word_1_331' title='bbox 491 4997 555 5050; x_wconf 72' lang='lat' dir='ltr'><strong>lber</strong></span> <span class='ocrx_word' id='word_1_332' title='bbox 570 4998 614 5052; x_wconf 79' lang='lat' dir='ltr'><strong>die</strong></span> <span class='ocrx_word' id='word_1_333' title='bbox 629 4999 775 5070; x_wconf 72' lang='lat' dir='ltr'><strong>teuologie</strong></span> <span class='ocrx_word' id='word_1_334' title='bbox 792 5003 839 5056; x_wconf 85' lang='lat' dir='ltr'><strong>dea·</strong></span> <span class='ocrx_word' id='word_1_335' title='bbox 855 5006 1025 5074; x_wconf 68' lang='lat' dir='ltr'><strong>contraiduen</strong></span> <span class='ocrx_word' id='word_1_336' title='bbox 1045 5010 1310 5080; x_wconf 66' lang='lat' dir='ltr'><strong>Arapencntalndunp.</strong></span> <span class='ocrx_word' id='word_1_337' title='bbox 1339 5009 1432 5067; x_wconf 75' lang='lat' dir='ltr'><strong>ltno’s</strong></span> <span class='ocrx_word' id='word_1_338' title='bbox 1448 5005 1572 5082; x_wconf 67' lang='lat' dir='ltr'><strong>blegnin</strong></span> <span class='ocrx_word' id='word_1_339' title='bbox 1587 5006 1617 5060; x_wconf 79' lang='lat' dir='ltr'><strong>B.</strong></span> <span class='ocrx_word' id='word_1_340' title='bbox 1635 5001 1736 5058; x_wconf 84' lang='lat' dir='ltr'>XVIH.</span> <span class='ocrx_word' id='word_1_341' title='bbox 1754 5003 1780 5058; x_wconf 78' lang='lat'><strong>2.</strong></span> <span class='ocrx_word' id='word_1_342' title='bbox 1796 4999 1872 5056; x_wconf 75' lang='lat' dir='ltr'><strong>Heft</strong></span> <span class='ocrx_word' id='word_1_343' title='bbox 1889 5016 1915 5072; x_wconf 88' lang='lat' dir='ltr'><strong>p.</strong></span> <span class='ocrx_word' id='word_1_344' title='bbox 1933 4999 1993 5078; x_wconf 54' lang='grc' dir='ltr'><strong>274Ὁ</strong></span> <span class='ocrx_word' id='word_1_345' title='bbox 2130 5047 2135 5058; x_wconf 87' lang='grc'>.</span> 
     </span>
     <span class='ocr_line' id='line_1_33' title="bbox 327 5091 2091 5178; baseline 0.022 -33"><span class='ocrx_word' id='word_1_346' title='bbox 327 5095 360 5163; x_wconf 76' lang='lat'><strong>7)</strong></span> <span class='ocrx_word' id='word_1_347' title='bbox 378 5093 568 5168; x_wconf 70' lang='lat' dir='ltr'><strong>Socmmerriug</strong></span> <span class='ocrx_word' id='word_1_348' title='bbox 584 5098 601 5152; x_wconf 91' lang='lat' dir='ltr'><strong>l</strong></span> <span class='ocrx_word' id='word_1_349' title='bbox 615 5100 632 5152; x_wconf 87' lang='lat' dir='ltr'><strong>l.</strong></span> <span class='ocrx_word' id='word_1_350' title='bbox 652 5115 681 5170; x_wconf 87' lang='lat' dir='ltr'><strong>p.</strong></span> <span class='ocrx_word' id='word_1_351' title='bbox 696 5103 720 5156; x_wconf 85' lang='grc'><strong>8.</strong></span> <span class='ocrx_word' id='word_1_352' title='bbox 735 5111 763 5156; x_wconf 83' lang='lat' dir='ltr'><strong>ct</strong></span> <span class='ocrx_word' id='word_1_353' title='bbox 779 5103 901 5160; x_wconf 80' lang='lat' dir='ltr'><strong>Tabulae</strong></span> <span class='ocrx_word' id='word_1_354' title='bbox 916 5116 1021 5161; x_wconf 79' lang='lat' dir='ltr'><strong>nostrae</strong></span> <span class='ocrx_word' id='word_1_355' title='bbox 1037 5109 1082 5178; x_wconf 78' lang='lat' dir='ltr'><strong>dp.</strong></span> <span class='ocrx_word' id='word_1_356' title='bbox 1101 5109 1189 5163; x_wconf 80' lang='lat' dir='ltr'>XXII.</span> <span class='ocrx_word' id='word_1_357' title='bbox 1206 5129 1229 5164; x_wconf 88' lang='lat' dir='ltr'><strong>c.</strong></span> <span class='ocrx_word' id='word_1_358' title='bbox 1247 5112 1272 5165; x_wconf 83' lang='lat' dir='ltr'><strong>d</strong></span> <span class='ocrx_word' id='word_1_359' title='bbox 2089 5091 2091 5096; x_wconf 21' lang='grc' dir='ltr'>ι</span> 
     </span>
     <span class='ocr_line' id='line_1_34' title="bbox 327 5194 2026 5282; baseline 0.003 -34"><span class='ocrx_word' id='word_1_360' title='bbox 327 5195 359 5264; x_wconf 69' lang='lat' dir='ltr'><strong>a)</strong></span> <span class='ocrx_word' id='word_1_361' title='bbox 371 5195 423 5250; x_wconf 86' lang='lat' dir='ltr'><strong>llic</strong></span> <span class='ocrx_word' id='word_1_362' title='bbox 436 5194 714 5267; x_wconf 78' lang='lat' dir='ltr'><strong>quidemrirmaculom</strong></span> <span class='ocrx_word' id='word_1_363' title='bbox 721 5203 883 5282; x_wconf 59' lang='lat' dir='ltr'><strong>&amp;ramnum</strong></span> <span class='ocrx_word' id='word_1_364' title='bbox 894 5208 1045 5264; x_wconf 81' lang='lat' dir='ltr'><strong>foraminolo</strong></span> <span class='ocrx_word' id='word_1_365' title='bbox 1057 5208 1511 5268; x_wconf 68' lang='lat' dir='ltr'><strong>oemaliiuloetuuuovtimeetriam</strong></span> <span class='ocrx_word' id='word_1_366' title='bbox 1517 5205 1609 5261; x_wconf 81' lang='lat' dir='ltr'><strong>rotinia</strong></span> <span class='ocrx_word' id='word_1_367' title='bbox 1614 5204 1784 5262; x_wconf 83' lang='lat' dir='ltr'><strong>animadverti</strong></span> <span class='ocrx_word' id='word_1_368' title='bbox 1792 5221 1872 5277; x_wconf 83' lang='lat' dir='ltr'><strong>poue</strong></span> <span class='ocrx_word' id='word_1_369' title='bbox 1880 5203 2026 5256; x_wconf 73' lang='lat' dir='ltr'><strong>auctorest.</strong></span> 
     </span>
    </p>
   </div>
   <div class='ocr_carea' id='block_1_7' title="bbox 1594 5315 1652 5376">
    <p class='ocr_par' dir='ltr' id='par_1_11' title="bbox 1594 5315 1652 5376">
     <span class='ocr_line' id='line_1_35' title="bbox 1594 5315 1652 5376; baseline 0 -26"><span class='ocrx_word' id='word_1_370' title='bbox 1594 5315 1652 5376; x_wconf 66' lang='lat'><strong>2*</strong></span> 
     </span>
    </p>
   </div>
   <div class='ocr_carea' id='block_1_8' title="bbox 0 0 2540 6296">
    <p class='ocr_par' dir='ltr' id='par_1_12' title="bbox 0 0 2540 6296">
     <span class='ocr_line' id='line_1_36' title="bbox 0 0 2540 6296; baseline 0 0"><span class='ocrx_word' id='word_1_371' title='bbox 0 0 2540 6296; x_wconf 95' lang='lat' dir='ltr'><strong> </strong></span> 
     </span>
    </p>
   </div>
  </div>
 </body>
</html>
