5072 6296
1356 763 1401 828 tt

504 959 639 1035 chaelis
671 954 708 1047 ⁹)
736 953 875 1048 excipis,
900 951 936 1020 io
962 971 1005 1020 eo
1030 955 1148 1022 omoes'
1170 947 1247 1022 lere
1268 951 1477 1024 conveniunt
1501 949 1704 1042 anatomici,
1728 953 1898 1026 maculam
1921 953 2052 1029 lutea'm
2070 955 2243 1038 ωηιξη

509 1119 629 1170 roccus
646 1101 803 1164 notorum
819 1109 934 1158 versus
945 1085 1117 1159 decimum
1138 1097 1295 1180 quartum
1309 1097 1368 1162 aut
1378 1097 1512 1160 semum
1522 1108 1644 1160 eorum
1660 1088 1750 1160 ritae
1774 1097 1925 1162 mmsem
1938 1093 2040 1180 oriri3
2062 1117 2136 1191 ego
2146 1095 2244 1174 hm

359 1259 363 1266 ·
509 1232 675 1302 rarissime
692 1236 779 1298 'ante
801 1224 874 1296 hoc
898 1225 1065 1316 temporis
1090 1226 1251 1318 spatium,
1273 1227 1471 1320 saepissime
1494 1233 1606 1296 autem
1629 1235 1711 1318 post
1736 1224 1834 1315 illud,
1859 1228 1984 1302 inveni.

637 1370 678 1437 ln
703 1363 813 1436 oculis
839 1361 994 1430 loctuum
1020 1360 1251 1432 abortivorum
1271 1362 1395 1451 retina,
1418 1369 1458 1433 ut
1471 1361 1625 1433 B'rendal
1647 1369 1743 1434 reate
1764 1363 1898 1432 monuit
1918 1364 1993 1456 ²⁰),
2016 1365 2064 1436 ab
2082 1365 2168 1438 orbo
2189 1369 2247 1440 ci·

508 1507 584 1575 liarl
617 1501 756 1571 radiatio
789 1497 962 1590 producta
996 1495 1096 1588 plicis
1122 1519 1166 1566 eo
1190 1498 1384 1592 pulposior
1407 1505 1444 1568 et
1468 1497 1615 1570 crassior
1629 1505 1799 1592 apparet,
1834 1519 1905 1589 quo
1928 1501 2072 1595 propios
2101 1501 2246 1574 abillo

507 1642 596 1710 orbe
622 1637 727 1724 abest,
754 1632 891 1703 tenuior
915 1651 1030 1700 versus
1054 1634 1150 1701 nervi
1176 1633 1285 1725 optici
1308 1633 1545 1722 insertionem,
1579 1633 1783 1726 plerumque
1815 1635 1960 1704 moriter
1983 1637 2094 1725 rubet,
2128 1655 2246 1710 semna

510 1777 664 1866 quintum
688 1789 838 1839 mensem
863 1765 1017 1854 albescit,
1042 1764 1207 1839 facillime
1230 1791 1254 1836 a
1281 1765 1481 1844 chorioidea
1497 1767 1645 1858 secedit,
1671 1777 1707 1840 et
1725 1775 1865 1840 anem
1889 1771 2022 1862 optino,
2047 1771 2144 1864 cujus
2157 1789 2247 1864 pro·

511 1931 608 2005 pago
627 1927 700 1978 esse
721 1926 793 1976 nou
818 1900 967 1987 videtur,
996 1900 1093 1972 facili
1120 1923 1227 1994 opera
1249 1913 1433 1995 separatur.
1483 1905 1653 1975 Radiatae
1669 1901 1875 2000 luaeplicaa,
1893 1905 2031 1996 quaein
2050 1905 2160 1976 retina
2175 1905 2242 1976 ola·

504 2049 588 2114 'riae
613 2049 699 2128 sunt,
724 2049 842 2134 partus
855 2045 1012 2128 tempore
1032 2036 1331 2129 appropinquante
1351 2041 1477 2110 sensim
1492 2041 1682 2130 sensimque
1696 2045 1911 2130 ermescuul,
1937 2048 1983 2128 et,
2003 2041 2098 2131 quod
2112 2059 2244 2110 maumo-

435 2265 441 2276 .
503 2191 586 2250 ratu
597 2180 742 2272 dignum
759 2183 819 2260 est,
837 2171 955 2242 tamin
966 2171 1119 2240 foetuum
1128 2193 1218 2241 nono
1231 2195 1347 2247 mense
1354 2175 1598 2262 abortivorum,
1609 2181 1682 2244 orm
1693 2176 1729 2245 in
1740 2175 2155 2263 rocensnatorumoculis,
2162 2177 2245 2244 reti-

510 2340 555 2385 na
566 2332 751 2402 nouusque
764 2308 810 2379 ad
819 2307 919 2376 lentis
935 2307 1149 2398 crystallinae
1163 2309 1356 2399 marginem
1370 2309 1570 2397 extenditur,
1590 2309 1649 2378 sod
1663 2329 1777 2404 propo
1788 2311 1962 2380 nduveam
1971 2310 2019 2377 ita
2032 2312 2068 2378 in
2087 2331 2124 2378 sc
2135 2311 2245 2400 ipram

510 2449 707 2533 inflectitur,
725 2453 764 2514 ut
781 2443 952 2534 margines
962 2440 1035 2533 ejus
1049 2461 1163 2510 uersus
1179 2449 1332 2512 centrum
1348 2443 1440 2512 oculi
1453 2463 1639 2514 conversae
1647 2439 1718 2514 huo
1737 2451 1773 2512 et
1784 2443 1983 2514 illuclibera
1994 2443 2159 2516 fluctuent
2172 2451 2184 2488 ¹
2198 2445 2244 2534 ¹)

513 2619 516 2624 ·
643 2581 716 2654 sub
741 2579 812 2649 hoc
836 2587 971 2670 tempus
997 2576 1087 2646 duae
1119 2587 1290 2669 apparent
1313 2578 1351 2646 in
1379 2577 1491 2646 retina
1521 2577 1646 2670 plicae,
1681 2586 1717 2646 et
1750 2577 1892 2667 quidem
1924 2599 2040 2672 prope
2062 2578 2110 2649 ad
2143 2577 2247 2672 hujus

518 2717 726 2794 connubium
753 2737 831 2788 cum
854 2734 963 2785 nervo
989 2713 1129 2805 optio03
1154 2711 1276 2782 harum
1301 2712 1407 2782 altera
1431 2711 1559 2808 major,
1592 2712 1707 2782 minor
1731 2711 1840 2782 altera
1873 2733 1948 2784 essa
1984 2713 2080 2784 solet.
2126 2712 2246 2810 stig.

517 2856 644 2932 xxiv,
670 2851 807 2923 tabulae
831 2848 1011 2942 adnexae.)

643 2987 750 3073 Quod
786 2985 832 3054 ad
866 2993 1066 3057 structuram
1090 2987 1219 3056 retinae
1244 2986 1376 3074 attinet,
1411 3007 1451 3054 ea
1482 2981 1553 3056 hoc
1585 2992 1743 3080 tempore
1768 2983 1842 3054 fore
1875 2979 2073 3074 pellucida,
2118 2980 2247 3073 absque

513 3127 654 3198 -rnaoula
677 3123 772 3191 lutea
792 3121 905 3192 libera
930 3131 990 3190 est
1041 3122 1083 3198 lu
1105 3123 1198 3195 facia
1225 3122 1300 3215 ejus
1324 3121 1507 3214 posteriori
1529 3121 1643 3215 plicae
1680 3143 1759 3192 cum
1785 3141 1835 3206 ea,
1854 3140 1973 3210 poam
1997 3123 2129 3210 tegunt,
2156 3115 2243 3188 cho-

518 3263 669 3334 rioideae
695 3266 806 3354 parte,
832 3256 1085 3348 conglutinatae
1110 3259 1318 3348 quarinum,
1345 3267 1380 3326 et
1405 3255 1595 3327 difficulter
1620 3257 1664 3328 ab
1690 3256 1750 3324 illa
1775 3253 1999 3334 diducuntur3
2023 3273 2105 3322 rasa
2131 3259 2246 3324 umen

517 3399 561 3466 ab
586 3397 654 3464 illis
678 3395 715 3463 in
739 3391 832 3466 hanc
857 3399 916 3460 aut
940 3390 1077 3464 ab'han
1102 3392 1139 3462 lu
1163 3393 1449 3485 illasirrqrentia
1474 3393 1546 3462 erui
1571 3399 1751 3482 nequeunt,
1776 3389 1825 3456 ita
1848 3395 1888 3455 ut
1906 3385 1987 3478 jure
2009 3387 2159 3478 quodam
2175 3387 2250 3469 col·

510 3533 579 3624 ligi
603 3531 730 3622 possit,
761 3529 850 3600 inter
880 3533 1060 3616 utramque
1082 3527 1231 3598 tunicam
1254 3527 1396 3596 laudato
1422 3528 1501 3598 loco
1528 3525 1770 3602 commercium
1806 3523 1983 3614 quoddam
2006 3543 2076 3592 nou
2099 3541 2143 3590 ex
2167 3543 2251 3590 ana·

518 3663 666 3750 stomosi,
694 3660 756 3730 sed
782 3683 823 3730 ex
849 3661 915 3732 situ
940 3661 1068 3750 forsan,
1106 3672 1140 3734 et
1171 3662 1322 3734 fortassis
1358 3663 1460 3732 etiam
1491 3683 1532 3730 ex
1556 3661 1739 3730 nutritione
1772 3659 1953 3728 oriundum
1986 3658 2145 3727 iuteresse
2177 3655 2249 3744 ¹⁸).

518 3801 616 3884 Quae
642 3795 780 3886 quidem
805 3795 1056 3887 conglutinatio
1088 3799 1149 3890 ¹⁸)
1177 3819 1219 3868 eo
1246 3798 1373 3870 arctior
1399 3817 1470 3866 esse
1493 3796 1592 3883 solet,
1618 3817 1686 3885 quo
1713 3795 1841 3888 largius
1866 3795 2081 3886 pigmentum
2102 3790 2252 3860 secerni·

514 3947 582 4020 tur,
609 3941 667 4000 aut
691 3952 760 4020 quo
785 3930 888 4022 pluro
913 3932 949 4000 in
975 3930 1173 4008 chorioides
1199 3941 1372 4026 apparent
1396 3953 1476 4000 vasa
1502 3928 1720 4024 sanguiserat
1748 3937 1782 3996 et
1807 3949 1876 3997 non
1900 3949 2051 4021 possum,
2078 3925 2161 4016 quio
2186 3947 2253 3994 no-

507 4081 598 4152 ·tern,
627 4063 722 4134 haud
752 4085 831 4136 raro
855 4062 1055 4160 eochymosi
1087 4068 1236 4161 quadam
1269 4067 1395 4144 horum
1428 4087 1585 4138 rasorum
1618 4065 1788 4136 maculam
1823 4063 2022 4138 subnabram
2054 4063 2089 4132 in
2121 4063 2254 4144 interna

549 4315 581 4384 9)
594 4313 625 4371 nt
633 4311 642 4364 i
649 4307 784 4372 abaelis
800 4307 899 4365 narrat,
912 4315 941 4358 ao
952 4299 1123 4370 Bruuawigaa
1134 4297 1253 4354 luretina
1264 4295 1372 4356 infautia
1380 4313 1428 4352 aex
1436 4295 1609 4356 hebdomades
1617 4297 1673 4352 nati
1683 4295 1806 4352 maculam
1819 4293 1914 4350 luteam
1925 4291 2031 4356 sidiam
2043 4289 2083 4344 ll
2099 4306 2126 4363 p.
2134 4293 2168 4350 11
2175 4248 2250 4350 otld

628 4412 667 4464 .l.
705 4450 712 4464 .
782 4447 788 4461 .

554 4415 599 4574 dl}
617 4413 650 4564 111.
669 4410 820 4566 Sldhddder.
854 4509 911 4563 Das
935 4499 1276 4560 undecentesimo
1301 4501 1335 4557 lm
1358 4483 1646 4568 mmcllclren'logo.
1662 4495 1749 4552 ·llins
1770 4493 1944 4552 anatomisalta
1960 4493 2139 4563 Ablaodlmg.
2175 4493 2252 4556 lilto-

588 4613 652 4666 chan
668 4613 742 4668 1827.
761 4629 794 4665 m.
814 4613 828 4667 1
846 4609 951 4681 Rapiat
965 4607 993 4662 iu
1009 4607 1034 4664 4·

552 4731 562 4772 1
616 4713 685 4769 'ran
702 4719 809 4770 nostras
881 4709 954 4764 xxc

556 4719 599 4882 123}
618 4813 782 4872 Contrarium
797 4709 948 4868 obflagrravit
964 4809 1114 4866 {rudovicus
1130 4811 1266 4874 dmitos,
1284 4809 1422 4864 Proteasor
1439 4803 1610 4868 Haruleoaia,
1627 4803 1672 4873 qui
1687 4803 1757 4856 inter
1777 4802 1885 4858 retinam
1913 4809 1943 4855 et
1968 4797 2139 4854 ctorloidaam
2166 4795 2255 4850 obilu

586 4919 632 4970 illa
649 4919 738 4972 tonica
755 4917 825 4988 plica
843 4927 894 4982 aot,
912 4913 1041 4968 honorem
1058 4909 1134 4976 sidit,
1151 4910 1232 4981 ipaiua
1250 4909 1334 4979 plicae
1351 4907 1489 4962 casitatem
1506 4907 1661 4976 replentema
1689 4903 1809 4976 spatium,
1821 4900 1891 4976 quod
1908 4907 2028 4974 occupat,
2046 4899 2096 4954 lton
2113 4909 2221 4954 auctore

590 5019 685 5073 sirmio
704 5019 846 5085 arterioao,
882 5017 926 5089 quui
944 5015 1039 5089 plicam
1056 5021 1084 5072 et
1106 5015 1223 5069 tommen
1248 5011 1363 5066 senous
1389 5009 1487 5074 ambit,
1511 5009 1714 5065 circumdatur.“
1750 5007 1934 5080 Supplemeota
1955 5005 1990 5057 ad
2011 5001 2252 5073 ophthaludatriam.

589 5119 706 5176 llarniae
723 5125 798 5178 1811.
816 5122 841 5176 ln
858 5123 882 5178 8.
902 5137 926 5192 p-
946 5124 969 5178 5.
