5072 6296
1157 760 1189 828 '6

299 951 521 1024 nominamus.
594 951 696 1022 Tunc
731 949 929 1020 addendum
966 959 1017 1020 est
1055 951 1179 1022 curies
1209 953 1273 1042 Η)
1318 951 1458 1024 Gallum
1492 951 1660 1023 maculam
1694 954 1821 1024 luteam
1855 956 1891 1024 in
1933 957 2043 1027 retina

300 1087 531 1188 uyuucephali
557 1095 591 1156 et
622 1089 737 1156 simiae
761 1089 963 1180 uictitantis,
1007 1089 1133 1159 Albers
1164 1089 1336 1160 medicum
1369 1087 1590 1158 Bremeusem
1616 1089 1652 1157 iu'
1685 1091 1799 1160 bulbis
1835 1091 1951 1160 sir'uiae
1991 1116 2042 1162 sa=

298 1213 408 1294 basaa
433 1246 459 1290 s.
486 1224 687 1322 cynomolgi
713 1233 747 1292 et
772 1225 886 1294 simiae
911 1224 1099 1316 capuciuae
1123 1222 1256 1294 vidisse.
1319 1224 1412 1310 Quas
1442 1223 1624 1318 Fragonar
1650 1223 1770 1294 Gallus
1802 1225 1865 1314 Η)
1899 1227 1944 1295 de
1968 1251 2043 1298 suu-

298 1357 379 1428 cala
407 1357 497 1426 flava
522 1360 665 1427 instituit
688 1360 924 1454 indagationes
950 1359 1043 1428 idem
1070 1360 1278 1439 docuerunt;
1304 1357 1360 1427 'de
1386 1359 1553 1452 glandula
1578 1369 1692 1428 autem
1718 1383 1819 1448 quam
1843 1373 1960 1454 prope
1983 1363 2041 1433 fo·

297 1513 417 1562 remen
442 1494 593 1564 neutrale
617 1495 748 1565 retinas
771 1495 942 1564 humanae
965 1495 1130 1564 invenisse
1154 1496 1306 1588 putavit,
1337 1505 1459 1562 ‘omnes
1486 1494 1645 1562 siluerunt
1670 1495 1872 1589 physiologi
1898 1507 1933 1566 et
1958 1503 2041 1567 rarus-¹

267 1593 428 1738 'tonica
475 1630 534 1719 qui
559 1631 760 1721 pastillum
795 1631 933 1702 humaui
959 1631 1051 1700 oculi
1074 1639 1229 1722 partem,
1250 1664 1251 1668 ¹
1275 1629 1320 1698 de
1346 1627 1415 1719 qua
1447 1629 1556 1696 senno
1583 1633 1654 1717 est,
1697 1633 1916 1700 commentati
1953 1641 2039 1705 sunt·

297 1763 403 1850 Quod
426 1763 577 1834 Leveillr‘s
603 1768 742 1852 attinet,
785 1769 844 1857 qui
869 1767 958 1836 inter
984 1765 1105 1834 Gallos
1130 1765 1166 1832 iu
1194 1764 1416 1832 examinanda
1440 1765 1575 1834 macula
1600 1765 1689 1833 flava
1714 1766 1891 1855 excelluit,
1922 1766 1980 1838 hic
2004 1770 2042 1836 iu

294 1897 408 1968 bulbis
433 1899 588 1975 humanis
613 1901 695 1993 gelu
721 1903 888 1972 concretis
914 1901 1227 1971 concrementulum
1262 1899 1439 1990 quoddam
1474 1923 1515 1968 ex
1539 1901 1709 1968 foramine
1744 1903 1886 1970 centrali
1910 1904 2040 1971 retinas

293 2031 463 2104 humanae
488 2037 684 2126 prominens
711 2037 876 2105 iuvenisse
903 2036 1047 2124 setam·
1068 2037 1161 2106 uude
1186 2037 1381 2124 concludit,
1406 2038 1576 2106 maculam
1601 2036 1726 2104 flavam
1750 2058 1822 2104 nou
1848 2058 1889 2105 er
1913 2040 2041 2107 retinas
2083 2041 2088 2058 '

294 2177 462 2238 structura
489 2171 591 2257 oriri,
617 2171 680 2238 sed
706 2195 748 2240 er
773 2173 882 2242 fluido
908 2170 1059 2262 quodam
1086 2193 1196 2262 euque
1221 2171 1331 2259 duro,
1358 2173 1471 2262 quod,
1499 2193 1576 2242 cum
1603 2171 1726 2240 bulbus
1753 2173 2033 2264 comprimeretur,

292 2321 334 2370 ex
357 2301 557 2386 humoribus
582 2306 673 2374 illius
699 2309 829 2378 secerni
855 2309 973 2377 soleat

394 2439 548 2509 Fuerunt
572 2451 684 2510 auton
710 2442 767 2529 qui
793 2441 838 2509 de
863 2443 1069 2512 foramiuulo
1106 2444 1236 2513 retinae
1272 2443 1368 2511 luteo
1393 2443 1515 2510 limbo
1539 2444 1653 2512 cincto
1692 2442 1905 2525 dubitareut3
1952 2467 2038 2536 prae

292 2572 434 2642 comens
459 2573 646 2645 afferantur
676 2574 735 2646 hie
760 2577 964 2646 Autertrieth
990 2577 1065 2666 ¹⁸),
1090 2577 1233 2649 Meckel
1259 2579 1397 2672 ethReil
1428 2577 1490 2666 ¹⁹]
1516 2578 1575 2668 qui
1601 2577 1739 2668 quidem
1764 2579 1827 2646 viri
1851 2581 1914 2648 etsi
1939 2579 2036 2650 fera·
2074 2581 2078 2586 ’

290 2678 609 2786 miuulumretiuae
635 2711 784 2780 coutrale
810 2734 883 2782 sess
905 2713 1030 2784 vidisse
1045 2715 1285 2800 concesserint,
1312 2723 1414 2803 atquc
1438 2713 1547 2806 ipsius
1572 2712 1767 2782 foramiuuli
1790 2714 1975 2808 imaginem
2000 2715 2037 2786 iu

294 2864 350 2910 scs
381 2842 600 2914 incidendam
626 2848 836 2934 curaverint,
879 2849 1030 2942 ingenue
1052 2857 1166 2962 tamen
1191 2849 1338 2918 confossi
1362 2857 1439 2916 suut
1462 2848 1532 2920 hac
1563 2849 1679 2917 subtili
1704 2848 1749 2916 de
1773 2871 1812 2916 re
1837 2851 1922 2920 certi
1948 2851 2041 2939 (said

295 2976 366 3046 dici
390 2977 495 3070 plane
520 3001 590 3048 uun
622 3002 739 3071 posse.-
791 2983 966 3082 Muculum
999 2984 1126 3053 luteam
1150 2984 1298 3077 ¹majoris
1330 2983 1493 3074 ponderis
1522 2991 1606 3054 esse
1622 2991 1787 3076 putarunt
1812 3007 1914 3074 quam
1937 2985 2035 3054 fors·

289 3112 454 3192 minhluru
478 3114 640 3192 ,cenante
669 3117 742 3206 ²⁰).
804 3119 1018 3190 Contrarium
1052 3119 1144 3190 fovit
1176 3119 1376 3214 opinionem
1413 3119 1572 3188 Wuutzel
1608 3141 1758 3187 asserem
1793 3119 2035 3187 foraminulum

258 3485 261 3492 ,
324 3429 368 3498 16)
387 3431 463 3495 Quas
480 3433 514 3485 ds
530 3433 630 3487 macula
646 3431 717 3487 flers
733 3441 762 3488 et
779 3434 813 3489 de
827 3434 953 3489 toranius
970 3435 1078 3490 ceutrali
1094 3435 1197 3490 retinas
1212 3435 1238 3488 iu
1257 3433 1344 3488 Gallis
1366 3433 1488 3488 instituta
1511 3437 1572 3487 sunt
1589 3431 1706 3486 examina
1723 3431 1788 3486 hsec
1805 3433 1861 3486 fere
1878 3436 1946 3486 suut

389 3531 503 3586 Sedillut
520 3533 584 3586 lies.
602 3533 754 3606 periodique
771 3536 805 3589 ds
820 3537 846 3590 ls
863 3538 925 3591 Soc.
943 3536 977 3590 ds
993 3541 1068 3591 santi
1084 3538 1119 3590 de
1135 3535 1227 3601 Puris,
1255 3535 1331 3594 131.
1350 3554 1375 3608 p.
1393 3538 1453 3593 421.
1471 3541 1523 3590 ete.
1574 3533 1690 3588 Leoeille
1707 3551 1751 3587 sur
1767 3535 1792 3586 le
1809 3541 1870 3588 hou
1887 3535 1986 3588 cenual
2003 3537 2037 3590 de

355 3634 488 3692 leretiuc
522 3635 617 3690 Villers
634 3645 663 3691 et
679 3637 796 3708 Capella,
814 3637 922 3692 Journal
936 3637 972 3691 de
988 3639 1015 3691 la
1030 3644 1083 3692 soc.
1102 3637 1135 3691 de
1151 3640 1227 3690 naute
1249 3643 1278 3690 at
1301 3636 1434 3690 d'hiatolrs
1454 3636 1581 3692 naturalis
1605 3636 1638 3690 de
1655 3635 1802 3690 Bordeaux.
1838 3636 1872 3690 Τ.
1891 3637 1913 3690 1.
1931 3655 1956 3708 p.
1976 3639 2036 3696 115.

352 3736 467 3804 Jacques
483 3735 564 3789 Leuis
580 3737 704 3804 Maraeu,
722 3739 832 3807 Expone
850 3737 897 3792 des
913 3739 1038 3793 seruitute
1057 3740 1090 3793 dc
1106 3739 1234 3809 plusieurs
1256 3737 1410 3792 recherches
1427 3755 1472 3792 sur
1493 3737 1519 3791 lu
1535 3737 1613 3790 tache
1628 3739 1721 3805 jaune,
1755 3739 1781 3790 ls
1810 3737 1848 3807 pli
1877 3741 1905 3792 et
1933 3739 1958 3791 is
1975 3745 2033 3794 troo

352 3838 453 3893 ceutrsl
470 3821 504 3891 de
518 3838 547 3892 la
563 3840 648 3894 retius
664 3841 769 3912 d’spris
785 3839 854 3893 deux
870 3840 1005 3896 minuitas
1026 3841 1215 3912 communique·
1231 3857 1279 3912 par
1296 3837 1366 3892 llari
1384 3845 1413 3892 st
1428 3837 1552 3892 Leveille.
1587 3837 1727 3892 Memoires
1747 3838 1782 3892 de
1798 3840 1825 3893 ls
1842 3838 1903 3893 Soc
1923 3839 2031 3894 d’liuu-

354 3941 444 4006 latiora,
461 3957 494 3994 su
511 3941 544 3993 V.
572 3958 598 4012 p.
615 3943 675 3999 238.
1020 3963 1023 3970 ·

319 4042 414 4113 17)(1.
433 4043 584 4113 Sprmgal’s
601 4043 728 4100 kritisehe
743 4042 902 4098 Uebersicht
918 4044 965 4100 des
984 4044 1132 4100 Zurtsudes
1150 4044 1197 4100 der
1212 4043 1395 4100 Armasikunde
1411 4043 1438 4098 iu
1454 4041 1513 4099 dem
1528 4043 1628 4097 letutes
1642 4039 1815 4097 Jshrsehend.
1849 4037 1935 4105 Helle,
1954 4041 2028 4116 1801.

351 4163 376 4217 p.
393 4145 453 4204 dih

321 4249 366 4313 18)
382 4247 489 4302 Journal
505 4246 553 4301 der
570 4247 758 4320 Erfiuduuger,
775 4247 926 4306 'l'hsorisen
941 4247 994 4302 oud
1011 4247 1222 4320 Widsrsprichs,
1241 4249 1283 4303 St.
1302 4253 1344 4307 17.
1361 4249 1390 4302 Β.
1407 4247 1467 4306 188.

388 4347 434 4400 Dr.
452 4349 583 4416 Wautael,
601 4351 799 4423 Bemerluugsn
815 4353 882 4406 tiber
900 4350 943 4404 die
958 4350 1123 4405 Hameschau
1139 4349 1358 4420 Eutdsakurrgssr,
1374 4348 1422 4403 das
1438 4347 1524 4413 Lech,
1542 4345 1586 4400 die
1603 4334 1683 4400 ll‘alts
1699 4344 1751 4403 oud
1768 4343 1819 4398 deu
1835 4343 1929 4416 gelheu
1945 4341 2030 4398 statu

352 4446 387 4500 im
404 4445 576 4518 hlittelpuuct
593 4452 640 4506 der
656 4453 793 4508 Nstehsut
817 4452 971 4507 betrsffeud.
1022 4451 1190 4507 Iseudsmur's
1212 4453 1265 4508 uad
1285 4451 1486 4507 liusenmillsr's
1509 4448 1635 4516 Beitrige
1652 4463 1699 4500 sur
1716 4445 2030 4516 Zergliederungskuude.

352 4547 402 4602 Bd
420 4549 442 4602 1.
477 4548 597 4620 Leipzig,
616 4557 690 4610 ldoe.
725 4554 800 4609 Baud
818 4555 839 4609 1.
864 4557 892 4608 S.
912 4556 970 4610 166.
1702 4629 1707 4638 ,

321 4652 368 4720 19)
385 4651 481 4704 Archiv
498 4651 542 4704 ihr
560 4651 603 4704 dis
620 4653 796 4725 Physiulogie.
831 4657 862 4710 B.
881 4653 959 4729 11:1³.
978 4658 1039 4715 tn.
1073 4655 1124 4709 ota
1141 4653 1229 4720 Falto,
1248 4654 1295 4709 der
1311 4653 1387 4723 gelbo
1400 4652 1483 4706 etan
1500 4650 1552 4706 und
1570 4650 1613 4704 die
1630 4647 1823 4717 durahsichtige
1840 4651 1923 4705 stelle
1939 4652 1965 4706 iu
1982 4649 2029 4702 der

346 4750 482 4806 Netahaut
498 4752 545 4805 des
568 4754 663 4822 Auges.

385 4853 446 4906 Hoc
463 4853 565 4924 quidem
582 4854 641 4908 locu
658 4853 717 4908 lleil
733 4854 854 4924 scripsit}
887 4859 962 4922 „Dis
984 4858 1217 4928 Untersuclruugeu
1234 4858 1282 4911 des
1305 4857 1390 4910 Herm
1414 4855 1585 4910 Geheisursth
1601 4851 1728 4908 Machel’s
1750 4853 1803 4906 und
1819 4851 1903 4904 meine
1920 4851 2027 4920 sigeueu

350 4953 467 5007 stimmen
484 4971 556 5008 uwar
572 4956 643 5010 mehr
659 4959 702 5010 fir
718 4957 762 5010 dis
779 4957 942 5026 Gegsrnaart
958 4958 1029 5010 eines
1046 4959 1196 5012 wirlrlichcu
1213 4959 1330 5023 Laches,
1367 4958 1434 5011 doch
1451 4957 1576 5027 gestelen
1593 4955 1657 5018 wir,
1692 4953 1751 5005 daia
1768 4951 1836 5003 wohl
1854 4951 1900 5004 dau
1918 4953 2012 5021 Gegsn

352 5055 416 5110 theil
433 5056 587 5110 stutthndsu
604 5057 706 5122 hinne,
724 5058 783 5111 weil
801 5076 830 5111 es
847 5057 965 5110 orirklieh
984 5057 1057 5111 nicht
1074 5076 1104 5112 su
1122 5058 1201 5113 leieht
1217 5060 1267 5125 ist,
1286 5061 1342 5114 hier
1359 5060 1402 5112 dio
1417 5057 1556 5113 Wshrheit
1572 5057 1653 5110 durch
1671 5053 1804 5106 Versuchs
1820 5069 1854 5106 su
1870 5053 1965 5108 finden.
1973 5057 1990 5084 ‘⁴

318 5161 364 5224 20)
382 5159 400 5210 l.
417 5157 434 5210 l.
452 5155 619 5212 harflsmut’s
635 5159 688 5212 und
707 5157 905 5214 Rossuruiller's
922 5157 1048 5226 Beitrsigc
1060 5175 1108 5212 zur
1125 5157 1438 5229 Zergliedsruugshunds.
1473 5156 1548 5211 Beud
1564 5156 1585 5210 l.
1610 5157 1638 5210 8.
1659 5157 1717 5212 166.
1734 5161 1785 5210 eta
