5072 6296
1106 785 1261 882 ...¹2-

309 986 361 1054 lus
396 1001 469 1052 uno·
491 979 685 1068 eodemque
710 974 823 1068 erigi
859 980 971 1062 motu,
1008 982 1043 1044 et
1072 993 1143 1042 uno
1170 973 1267 1065 quasi
1298 973 1443 1044 stabiliri
1477 991 1550 1044 auc.
1610 971 1784 1044 Narmalis
1816 981 1932 1044 autern
1964 975 2060 1048 hucc-

309 1119 402 1192 cculi
426 1117 579 1190 conditio
606 1089 687 1184 tunc
713 1110 942 1196 desideratur,
969 1130 1048 1180 cum
1072 1111 1206 1180 macula
1228 1109 1321 1180 lutea
1346 1109 1500 1180 nondum
1525 1110 1675 1184 formata
1699 1118 1769 1196 est,
1795 1110 1867 1180 sive
1893 1133 1972 1182 cunr
1997 1137 2054 1184 su-

313 1256 438 1348 spicari
461 1255 553 1338 licet,
579 1249 682 1342 hauns
707 1247 831 1341 organi
855 1247 1000 1340 genesin
1024 1243 1247 1338 prohibitum,
1275 1254 1333 1317 aut
1360 1244 1435 1338 ejrns
1461 1248 1698 1316 oeconomiam
1724 1247 1895 1318 turhatam
1921 1271 2002 1318 esse.

435 1387 591 1474 Incolit,
610 1393 649 1455 ut
666 1403 784 1456 recens
800 1389 959 1452 notorum
977 1381 1069 1452 oculi
1083 1403 1174 1451 nuuc
1191 1380 1260 1452 huc
1272 1404 1363 1454 uurrc
1377 1382 1460 1452 illuc
1476 1389 1642 1476 uagantes
1655 1392 1824 1475 perpetua
1842 1385 2059 1456 oscillatione·

310 1532 518 1613 moueantur,
542 1524 580 1595 iu
606 1521 723 1592 omnia.
745 1517 887 1610 quidem
912 1523 1169 1604 convertuntur,
1195 1517 1327 1586 nullum
1353 1526 1465 1589 nutem
1492 1518 1669 1610 objectum
1693 1519 1783 1591 visua
1809 1521 1958 1610 quadarn
1983 1533 2053 1592 sta-

308 1661 439 1732 bilitate
473 1668 593 1728 tenere
626 1657 767 1726 soleant.
838 1651 975 1722 Sensim
1011 1653 1202 1742 sensimque
1239 1675 1340 1740 uero,
1384 1662 1420 1734 et
1451 1653 1607 1745 inprimis
1638 1655 1796 1728 seeundo
1825 1655 1916 1724 vitae
1952 1680 2053 1748 nunc,

309 1819 379 1888 quo
404 1795 550 1864 infames
573 1790 723 1884 pedibus
746 1788 884 1882 ingredi
910 1796 946 1856 et
980 1797 1095 1860 erecto
1121 1810 1271 1880 corpore
1297 1797 1387 1856 stare
1410 1788 1600 1880 incipiunt,
1635 1789 1727 1860 oculi
1751 1789 1919 1881 paulatim
1944 1795 2052 1862 stabi-

310 1933 448 2018 liuntur,
474 1939 519 2016 et,
545 1925 664 2020 genesi
689 1925 845 1997 maculae
867 1924 981 1994 luteae
999 1923 1076 2016 jan
1101 1923 1148 1994 ad
1173 1923 1491 2016 fricapanem,
1516 1923 1685 2016 peculiari
1709 1925 1770 1992 illa
1796 1925 1888 1996 oculi
1913 1926 2052 1997 humani

309 2065 526 2159 perfectione
552 2061 716 2155 gaudent
765 2058 977 2130 Audendum
1003 2067 1064 2146 est,
1090 2059 1265 2134 antehoc
1290 2069 1424 2153 ternpus
1449 2081 1569 2135 recena
1593 2067 1752 2128 natorum
1777 2061 1897 2132 oculos
1912 2064 2051 2134 strabis-

302 2223 362 2272 mo
388 2199 583 2290 saepissime
608 2196 762 2290 divergi,
788 2203 945 2287 tempure
969 2195 1086 2288 igitur,
1111 2217 1183 2286 quo
1207 2197 1361 2269 maculae
1387 2196 1501 2271 luteae
1526 2197 1575 2266 vis
1601 2196 1637 2264 in
1656 2195 1832 2266 directam*
1846 2196 1939 2268 oculi
1964 2219 2050 2269 con-

304 2337 496 2411 versionem
510 2332 674 2402 vruentium
699 2333 781 2424 agis
834 2331 942 2415 Quod
965 2331 1043 2400 illos
1070 2333 1191 2412 mulos
1217 2333 1351 2418 attinet,
1382 2333 1419 2405 iu
1444 2333 1567 2422 quibus
1592 2331 1747 2404 maculae
1771 2331 1883 2400 luteae
1908 2335 2052 2426 genesin

302 2469 516 2565 prohibitam
540 2485 630 2538 esse=
646 2465 879 2556 suspicemur,
915 2463 955 2534 hi
978 2487 1050 2536 uun
1074 2467 1256 2536 stabilitate
1290 2466 1400 2553 visus,
1436 2468 1498 2538 sed
1531 2476 1679 2538 tremore
1705 2466 1857 2556 quodum
1887 2468 2053 2558 peculiari
2134 2445 2140 2450 ’

301 2608 471 2692 hhoraut,
497 2623 599 2693 quem
620 2609 838 2694 nystugmuur
863 2609 997 2672 vocent
1050 2601 1181 2676 Mirum
1206 2609 1319 2676 sutem
1342 2601 1413 2676 hoe
1438 2601 1703 2694 phaenomenou
1726 2601 1879 2694 inprimis
1904 2603 1941 2670 in
1966 2625 2052 2676 ocu-

300 2741 342 2812 lis
368 2740 509 2810 obvium
534 2739 590 2826 lit,
617 2738 677 2827 qui
702 2743 875 2808 cataracta
900 2735 1043 2806 centrali
1068 2737 1264 2830 congenita,
1291 2737 1361 2832 sive
1392 2739 1606 2831 paulopost
1632 2745 1768 2830 partum
1793 2738 1969 2828 acquisita,
1994 2740 2047 2808 la-

303 2875 428 2946 borant
456 2867 512 2970 ⁹),
564 2872 737 2980 cliniis,
764 2893 909 2962 quorum
935 2891 1062 2942 corner
1085 2873 1348 2945 leueomateab
1384 2871 1603 2966 ophthalmia
1635 2895 1756 2946 recens
1792 2881 1950 2942 natorum
1975 2884 2053 2944 orta

307 3011 520 3082 ohscuratur.
581 2975 716 3093 Quibus
742 3007 882 3098 quidem
913 3008 949 3076 iu
975 3008 1083 3078 oculis
1113 3003 1199 3082 lucis
1224 3008 1313 3080 radii
1347 3009 1385 3076 in·
1414 3007 1599 3080 centulem
1624 3009 1755 3078 retinas
1787 3017 1921 3100 partem
1948 3033 2057 3105 agere

304 3153 494 3237 nequeunt,
520 3143 614 3214 unde
638 3143 716 3213 fieri
740 3151 920 3234 putamus,
946 3151 984 3210 ut
1009 3143 1164 3214 maculae
1194 3143 1308 3214 luteae
1338 3143 1476 3238 genesis
1500 3142 1735 3234 prohibeatur.
1811 3145 1911 3216 Haec
1936 3156 2054 3218 autem

302 3303 382 3353 curu
405 3279 502 3350 haud
527 3279 635 3348 dubie
658 3277 809 3366 deficiat,
837 3279 947 3348 retina
972 3279 1115 3351 stabiliri
1140 3280 1268 3368 nequit,
1295 3287 1331 3348 et
1355 3279 1475 3350 oculus
1496 3290 1671 3370 perpetua
1692 3278 1906 3350 oscillatione
1930 3282 1966 3350 in
1987 3305 2047 3352 or-

229 3396 232 3407 *
298 3417 380 3486 bem
404 3420 571 3498 movetur,
597 3411 668 3482 siue
693 3413 883 3484 strabismo·
896 3413 1117 3504 diuergitur.·
1149 3414 1268 3484 Simile
1292 3412 1560 3505 phaenomenon
1580 3413 1677 3504 apud
1692 3408 1774 3510 illos
1800 3416 1959 3504 occurrit,
1986 3419 2047 3508 qni

300 3549 504 3641 amblyopia
527 3544 706 3617 arthritica
727 3547 839 3641 affligi
863 3548 1049 3639 incipiunt,
1086 3556 1123 3620 et
1147 3549 1243 3640 apud
1269 3570 1356 3638 quos
1381 3548 1537 3641 inprimis
1563 3547 1785 3619 chorioideae
1810 3553 2046 3624 oeconomiam

286 3685 434 3784 ‚urhun
459 3692 639 3794 putamuss
678 3681 771 3752 uude
795 3681 893 3753 haud
917 3682 1022 3756 dubie
1045 3683 1202 3754 maculae
1226 3684 1364 3773 luteae,'
1395 3692 1431 3756 et
1463 3684 1659 3777 integritate
1684 3685 1883 3756 secretionis
1908 3686 2050 3760 delectu

300 3823 395 3892 laesa
427 3819 501 3910 ὀ),
553 3819 748 3890 nrmismas
773 3819 942 3912 iucipiens
968 3821 1090 3908 oritur,
1122 3809 1185 3911 qui
1208 3819 1331 3890 sensim
1356 3817 1545 3910 sensimque
1570 3819 1770 3912 amblycpia
1795 3821 1831 3890 in
1855 3824 2049 3895 aruuurusin

299 3955 479 4028 ominem
501 3955 625 4028 oculos·
645 3955 717 4024 vita
739 3957 883 4048 propria
905 3957 1031 4050 privat,
1064 3957 1125 4045 itu,
1149 3964 1188 4026 ut
1212 3957 1251 4032 in
1273 3977 1393 4030 eorum
1418 3955 1537 4027 orbitis
1561 3955 1688 4028 bulbos
1713 3955 1855 4048 quidem
1879 3955 1942 4026 sed
1966 3955 2050 4026 bul·

331 4281 363 4350 9)
381 4286 478 4341 coare
495 4285 529 4340 li'.
547 4287 580 4342 Α.
597 4301 622 4341 r.
639 4287 782 4342 Ammona
823 4285 913 4342 Uehar
930 4285 975 4342 dis
991 4291 1126 4342 calameta
1143 4289 1284 4358 constuite
1301 4255 1438 4356 centralis,
1460 4287 1488 4340 iu
1511 4303 1537 4341 r.
1555 4283 1641 4340 Grl‘le
1664 4281 1720 4339 trutl'
1733 4302 1759 4340 v.
1778 4283 1922 4339 Walthsr’a
1937 4286 2051 4342 Journal

366 4382 415 4438 det
432 4385 569 4460 obli-argio
590 4390 644 4446 und
660 4387 905 4460 Augeuheilkuuds..
916 4390 948 4445 Β.
966 4389 1015 4445 xl.
1037 4389 1104 4444 nen
1119 4391 1144 4447 2
1161 4405 1189 4460 p·
1208 4393 1232 4448 1.
1251 4393 1330 4449 1828.
1353 4395 1382 4446 et
1406 4389 1452 4463 qui
1473 4387 1617 4444 noemam
1641 4391 1755 4452 numm
1773 4383 1807 4438 d·
1823 4385 1874 4448 heo
1892 4391 2045 4447 “tunm

364 4483 459 4558 specie·
471 4483 521 4540 etsi
537 4503 592 4544 non
603 4490 778 4566 vituperavit,
798 4497 885 4557 meu
902 4491 1043 4564 castigavit
1066 4491 1096 4552 J.
1109 4491 1147 4548 Η,
1161 4493 1291 4562 Bauer,
1322 4491 1351 4548 in
1367 4493 1429 4566 ejus·
1442 4493 1561 4548 uuam
1581 4487 1691 4551 medica.
1714 4489 1743 4546 L
1756 4487 1836 4558 uerti
1854 4487 1953 4560 Berlin,
1975 4494 2045 4550 1829

364 4585 393 4641 ln
408 4589 435 4643 8.
452 4603 480 4656 p.
498 4585 561 4643 140.
573 4595 626 4642 etc
1852 4577 1860 4588 '

330 4665 491 4758 solonates
507 4687 705 4746 ohservationes
718 4711 783 4765 quea
795 4697 1037 4756 Michaellsll.
1055 4715 1081 4770 p.
1091 4699 1116 4754 9.
1129 4699 1157 4751 et
1171 4694 1330 4751 Wantnel
1345 4692 1394 4750 ll.
1409 4697 1517 4750 amns*
1532 4691 1631 4765 pisel.
1648 4689 1804 4750 ulmhuml'u
1816 4693 1899 4749 oeulis
1914 4693 2041 4766 homullis

365 4789 533 4846 immisti!
548 4793 673 4854 moulan
690 4795 787 4852 luteam
803 4799 910 4859 inveniri
927 4820 979 4858 non
1002 4801 1126 4873 potuisse.
1160 4799 1306 4855 Delendum
1329 4801 1380 4865 ut,
1402 4796 1440 4852 ibi
1457 4815 1623 4854 amaurosms
1638 4803 1756 4852 naturum
1772 4797 1875 4850 silentio
1892 4797 2038 4874 praeteriri.

365 4891 466 4947 0oul⁰t
482 4909 631 4962 “suorum
641 4897 687 4967 qui
708 4899 735 4952 iu
752 4899 954 4974 typhlotrcpheo
970 4905 1107 4960 Dreaduuu
1125 4901 1243 4960 ‹lehruoti
1260 4909 1350 4968 erum,
1366 4899 1472 4973 saepius
1489 4900 1650 4956 occasionem
1667 4901 1744 4955 habui
1761 4897 1905 4970 inquirere;
1931 4897 2038 4954 alterius

365 4991 435 5048 ΜΠ
451 4993 642 5066 *Phlltlmle
657 4999 850 5071 hbortvertut,
865 5002 893 5058 iu
909 5003 951 5063 his
967 5005 1059 5063 sumt
1074 5007 1176 5062 macula
1192 5005 1278 5072 lutea;
1294 5003 1404 5059 utana
1417 5001 1490 5060 bulbi
1507 5001 1635 5058 mauron
1652 5000 1742 5072 effecti
1758 5002 1862 5058 noant
1879 5018 1916 5057 exi
1928 5001 2042 5059 nanda

366 5111 505 5154 nomm
519 5099 664 5170 ⁰utleorutu
680 5109 759 5174 ortus·
771 5109 801 5162 et
814 5102 843 5160 iu
858 5105 1045 5163 humanm
1057 5106 1223 5164 flerem-ridi
1240 5105 1291 5163 etsi
1307 5123 1418 5180 perram-
1430 5111 1459 5163 et
1474 5107 1532 5160 fere
1548 5104 1655 5160 hunam

1622 5210 1683 5274 ga
