5072 6296
1271 774 1419 870 ..r-o-

475 961 540 1030 bos
565 959 660 1050 quasi
684 963 846 1046 mortuos,
874 957 966 1028 omni
985 957 1178 1050 ¹splendore
1205 957 1367 1050 vultuque
1403 961 1576 1054 privatos,
1618 963 1902 1056 conspiciamus.¹
1941 965 2083 1040 Constat
2106 991 2215 1063 porro

474 1098 562 1166 inter
587 1095 892 1187 ophthalmiatros,
929 1095 1048 1166 oculos
1073 1116 1208 1183 eorum,
1236 1097 1296 1187 qui
1320 1105 1491 1168 cataracta
1517 1107 1575 1167 aut
1600 1101 1782 1194 congenita
1808 1111 1867 1172 eut
1890 1105 2001 1172 statim
2025 1114 2107 1196 post
2130 1129 2215 1198 par-

473 1240 545 1300 turn
572 1238 647 1300 orta
671 1232 846 1321 laborant,
885 1232 975 1302 intra
998 1232 1105 1300 breve
1130 1233 1295 1323 temporis
1329 1233 1495 1325 spatium,
1521 1255 1639 1304 manus
1676 1239 1852 1308 curatione
1885 1239 2035 1311 faciliter
2059 1251 2212 1334 peracte,

472 1367 614 1436 videndi
629 1370 801 1457 quandam
823 1369 1073 1462 perfectionem
1098 1368 1258 1455 nancisci,
1286 1389 1365 1439 cum
1385 1369 1499 1460 primo
1524 1377 1582 1438 aut
1608 1373 1760 1441 secundo
1785 1369 1876 1444 vitae
1894 1399 1983 1446 anno
2009 1378 2102 1447 lente
2119 1400 2214 1446 mor-

471 1505 557 1572 bosa
582 1503 788 1587 liberantur3
839 1505 903 1574 bos
938 1524 1021 1574 vero
1050 1505 1266 1573 solummodo
1291 1503 1525 1596 inperfectam*
1544 1505 1689 1598 adipisci
1713 1509 1856 1580 videndi
1881 1512 2099 1600 facultatem,
2136 1535 2221 1583 cum

472 1661 585 1708 versus
607 1640 776 1732 juveniles
803 1663 908 1711 annos
941 1648 1132 1712 cataractae
1162 1663 1229 1733 per
1254 1663 1390 1712 manum
1421 1643 1553 1712 curatio
1589 1645 1856 1734 procrastinatur
1886 1648 1959 1738 ¹¹).
2034 1649 2105 1718 Res
2130 1649 2215 1717 mira

474 1776 625 1864 quidem,
654 1776 715 1844 scd
741 1776 972 1868 explicabilis!

598 1909 638 1979 ln
661 1911 730 1978 illis
756 1913 846 1978 enim
871 1913 980 1983 oculis
1006 1913 1164 1984 centralis
1186 1912 1317 1982 retinas
1342 1935 1434 2004 pars,
1458 1912 1543 1985 lucia
1568 1913 1673 1983 radiis
1697 1917 1734 1984 in
1753 1913 1982 1988 chorioidalia
2003 1939 2088 1988 ιιιι-
2105 1940 2215 2013 agen-

471 2047 584 2132 tibus,
612 2047 658 2115 ad
683 2048 837 2118 maculae
861 2048 973 2116 luteae
998 2050 1139 2143 genesin
1165 2049 1281 2119 adhuc
1299 2049 1426 2117 idonea
1444 2057 1504 2135 est,
1530 2049 1566 2116 in
1590 2049 1644 2117 his
1669 2062 1782 2122 autem
1806 2051 1920 2121 bulbis
1945 2052 1991 2123 ad
2010 2051 2143 2148 organi,
2169 2054 2215 2122 de

472 2203 541 2272 quo
567 2203 678 2250 sermo
705 2191 774 2270 est,
809 2169 979 2276 originem
1003 2187 1114 2253 retina
1138 2194 1221 2278 apta
1247 2193 1281 2253 et
1305 2183 1469 2277 proclivis
1495 2205 1570 2252 esse
1596 2184 1705 2254 desiit.
1792 2177 1796 2184 ’

599 2317 721 2388 Oritur
747 2319 894 2409 denique
919 2322 1093 2411 quaestio,
1119 2328 1234 2390 utrum
1265 2321 1303 2386 in
1325 2320 1392 2388 illis
1418 2319 1543 2405 oculis,
1587 2323 1648 2410 qui
1682 2321 1860 2390 strabismo
1884 2324 2071 2416 congenito
2097 2323 2216 2396 affecti

471 2463 567 2540 sunt,
595 2455 654 2544 qui
678 2453 774 2525 baud
799 2476 876 2524 raro
902 2455 1148 2524 haereditarius
1175 2462 1245 2542 est,
1282 2454 1416 2524 macula
1440 2454 1533 2522 lutea
1557 2454 1662 2547 plane
1688 2456 1790 2545 absit,
1828 2477 1872 2524 an
1896 2457 1929 2524 in
1957 2458 2060 2526 ulium
2084 2463 2215 2529 retineo

471 2590 587 2661 locum
611 2590 702 2658 sorte
728 2590 963 2658 aberraverit?
1008 2591 1089 2662 Hoc
1116 2612 1158 2658 eo
1184 2591 1395 2658 verisimilius
1421 2611 1493 2657 esse
1518 2588 1663 2678 videtur,
1691 2613 1770 2661 cum
1795 2593 1988 2662 strabismus
2012 2602 2051 2662 ut
2074 2595 2214 2664 morbus

472 2707 653 2798 chronicus
689 2747 760 2796 non
795 2727 859 2794 nisi
896 2725 991 2816 apud
1024 2725 1180 2804 homines
1212 2725 1347 2795 macula
1370 2724 1462 2794 lutea
1486 2725 1662 2817 praeditos
1698 2726 2004 2816 animadvertatur,
2041 2749 2225 2817 nunquam·

470 2881 553 2929 vero
580 2863 675 2952 apud
701 2861 858 2930 animalia
881 2863 1016 2931 macula
1040 2863 1132 2930 lutea
1160 2863 1329 2947 carentia,
1363 2869 1534 2947 occurrat,
1571 2882 1780 2950 quaerero,
1815 2862 1899 2952 quid
1926 2861 2021 2952 quod
2046 2861 2215 2948 rarissime

470 3004 602 3076 tuntum
628 2996 805 3064 strabismo
831 2996 867 3063 ln
894 2995 1022 3064 morbis
1048 2995 1271 3088 spasmodicis
1297 2997 1392 3064 etin
1418 3017 1532 3089 agone
1558 2993 1768 3069 alliciuntur.
1819 2996 1918 3066 Haec
1941 2997 2046 3092 igitur
2072 2995 2213 3067 strabis·

471 3131 519 3198 mi
545 3131 676 3222 spectes
701 3132 818 3202 nescio
843 3155 887 3200 an
912 3153 982 3201 non
1009 3155 1030 3202 a
1054 3132 1210 3206 maculae
1234 3131 1347 3200 luteae
1372 3133 1519 3219 morbis,
1546 3132 1616 3200 sive
1641 3133 1685 3201 ab
1712 3131 1786 3225 ejus
1812 3125 1953 3204 delectu
1977 3131 2157 3224 pendeat?
2215 3185 2219 3192 .

598 3265 671 3334 Sed
691 3266 766 3358 jam
793 3268 1021 3336 dissertationi
1046 3275 1205 3352 nostrae,
1233 3288 1336 3356 quam
1362 3267 1458 3356 quasi
1489 3267 1716 3356 prodromum
1742 3267 1900 3356 opusculi
1923 3269 2081 3358 proxime
2106 3267 2212 3336 eden·

470 3401 508 3470 di
530 3401 591 3491 ¹²]
618 3401 899 3494 contemplamur,
927 3423 1097 3492 quamque
1122 3401 1333 3470 eruditorum
1354 3400 1591 3493 indulgentiae
1618 3409 1653 3470 et
1672 3400 1857 3490 benevolo,
1884 3402 1948 3470 etsi
1973 3421 2102 3488 severo,
2130 3423 2213 3472 ιιιι·

468 3537 674 3607 tomicorum
708 3545 742 3605 et
766 3537 1057 3632 physiologorum
1083 3537 1226 3606 examini
1258 3535 1469 3628 subjicimus,
1504 3530 1586 3604 linis
1619 3546 1671 3606 est
1694 3535 1934 3628 imponendus.
1985 3537 2106 3618 Liceat
2131 3559 2214 3606 vero

469 3679 505 3740 et
529 3671 654 3740 borum
686 3679 722 3739 et
746 3671 1089 3762 ophthalmiatrorum
1115 3677 1244 3744 animos
1278 3673 1325 3741 sd
1356 3693 1431 3758 eas,
1468 3691 1551 3761 quas
1584 3671 1789 3740 disserentes
1816 3689 1920 3763 supra
1939 3670 2015 3782 jam
2040 3673 2213 3765 tetigimus

472 3817 506 3874 et
531 3829 622 3878 nunc
648 3807 798 3900 singulas
823 3811 1159 3901 comprehendimus,
1187 3809 1398 3902 quaestiones
1424 3807 1604 3876 solvendas
1631 3815 1847 3893 convertere,
1874 3829 1953 3878 cum
1982 3807 2038 3876 tus
2062 3805 2212 3876 illustra-

469 3943 511 4008 tis
544 3963 642 4010 usum
666 3944 820 4014 maculae
854 3943 967 4014 luteae
998 3946 1106 4014 multo
1136 3947 1256 4016 melius
1281 3943 1480 4034 explicitum
1512 3951 1548 4009 et
1580 3941 1789 4034 descriptum
1824 3943 1866 4010 iri
1900 3942 1981 4036 jure
2023 3943 2215 4034 meritoque

471 4099 610 4170 sperare
633 4079 745 4150 liceat

539 4215 698 4302 .Quae
722 4225 773 4286 est
796 4218 927 4288 retinae
952 4219 1147 4292 conditio
1137 4241 1174 4289 m
1207 4217 1313 4292 oculis
1347 4213 1696 4314 leucopsthicomm?
1750 4213 1999 4298 Occurritne
1989 4236 2025 4282 m
2050 4211 2103 4278 his
2135 4229 2210 4280 ma·

470 4353 548 4423 culn
575 4353 681 4443 flaua,
706 4377 771 4428 nec
802 4355 878 4426 ne?
970 4359 973 4366 '

599 4491 679 4576 Quo
722 4489 831 4564 modo
864 4517 901 4564 se
932 4491 1039 4564 babet
1069 4496 1178 4568 retina
1209 4497 1246 4566 ln
1282 4497 1390 4570 oculis
1426 4517 1560 4582 eorum,
1607 4494 1666 4585 qui
1698 4499 1870 4564 cataracta
1898 4487 2040 4563 centrali
2065 4504 2211 4623 conge-

230 4605 237 4620 ³
334 4715 339 4722 Ι
468 4625 540 4699 nite
575 4633 634 4696 out
665 4629 831 4717 acquisita
861 4629 1077 4722 laborarunt,
1116 4633 1242 4726 quique
1274 4634 1430 4707 leucoma
1459 4651 1606 4702 corneae
1636 4629 1719 4702 iude
1756 4653 1778 4698 ι
1803 4627 1923 4721 primis
1959 4633 2040 4720 post
2075 4630 2211 4720 partum

472 4765 755 4783 -ιι--ᾐ

503 4826 548 4892 ¹¹)
565 4826 750 4894 Sannum,
767 4825 893 4885 bberdls
904 4827 949 4884 Νι
949 4835 992 4884 tur
1008 4829 1113 4886 mdlle
1099 4832 1185 4903 eilmrg
1202 4833 1249 4887 der
1266 4847 1332 4902 ange
1318 4831 1428 4886 eborum
1444 4827 1662 4900 gmueastaar',
1639 4844 1703 4880 ιι
1717 4827 1856 4885 Professor
1866 4821 1994 4882 bauer
1969 4821 2068 4888 mejus
2056 4813 2206 4870 sblinsrsa

531 4926 638 4982 nenos
671 4927 777 4983 usur
812 4928 901 4986 uuus
918 4935 993 5000 1829,
1009 4933 1037 4987 ιι
1053 4937 1077 4990 ι.
1095 4950 1121 5006 ρ.
1141 4933 1199 4990 ιιι
1219 4933 1279 4990 ιιι.

500 5029 545 5098 ιι)
563 5028 683 5084 Prodibit
698 5033 749 5088 boo
765 5032 843 5090 titulo
860 5031 1012 5108 inscriptum
1029 5041 1058 5090 et
1073 5033 1170 5094 tubuli!
1186 5039 1310 5092 ornatum
1346 5032 1482 5102 „terno
1506 5031 1577 5089 einer
1593 5025 1968 5102 liutwiekelungsgescbicbte
1992 5022 2040 5078 des
2066 5019 2208 5078 uemclrli·

538 5131 605 5188 clreu
621 5134 738 5206 Aurem*
