5072 6296
1376 773 1397 836 6

1306 851 1461 873 ——r-fl—

509 985 683 1053 nunquam
709 961 896 1031 desiderari
921 982 1125 1054 semperque
1150 963 1304 1058 margine
1330 962 1491 1032 distincto
1516 959 1666 1031 cinctum
1693 979 1775 1047 esse,
1800 959 1968 1030 maculam
1994 959 2118 1029 flavam
2139 952 2257 1032 'autem

509 1101 597 1170 nihil
622 1100 687 1169 nisi
713 1096 934 1189 eccbymosin
960 1119 1031 1166 esse
1062 1099 1125 1190 Η)
1151 1099 1187 1168 in
1212 1122 1326 1195 agone
1352 1099 1423 1168 sive
1455 1103 1538 1191 post
1563 1105 1708 1164 mortem
1735 1104 1769 1164 et
1795 1096 1935 1186 quidem
1960 1119 2027 1188 per
2052 1097 2256 1190 diapedcsln

482 1229 485 1236 ’
512 1256 553 1304 ex
579 1236 665 1303 vasis
684 1234 890 1304 centralibus
919 1234 1164 1306 loramiuuluru
1181 1236 1395 1330 cingentibus
1416 1243 1543 1314 ortam3
1569 1233 1748 1302 fortuitum
1773 1231 1876 1324 igitur
1895 1231 1965 1302 hoe
1994 1232 2258 1324 phaenomenon

513 1391 588 1438 esse
610 1368 752 1460 putavit.
805 1366 877 1436 sec
903 1369 993 1458 quirl
1011 1365 1141 1461 plura?
1194 1367 1308 1440 Valde
1340 1371 1430 1438 inter
1448 1392 1485 1437 se
1509 1365 1797 1461 physiologorum
1824 1377 1860 1434 et
1885 1369 2151 1438 anatomicorum
2176 1371 2257 1461 opi-

511 1504 633 1572 niones
659 1504 706 1572 de
731 1501 866 1572 macula
890 1502 998 1591 llava,
1025 1503 1072 1573 de
1096 1505 1303 1576 foraminulo
1328 1503 1492 1591 centrali,
1519 1503 1565 1571 ce
1587 1502 1692 1595 hujus
1718 1503 1866 1594 denique
1890 1523 1953 1571 usu
1971 1512 2007 1572 et
2030 1505 2101 1572 flue
2126 1505 2257 1576 discre-

510 1661 597 1732 pare
623 1639 870 1709 evidentissime
894 1638 1057 1730 perhibet
1081 1641 1247 1709 librorum
1265 1641 1323 1730 qui
1345 1641 1390 1710 de
1417 1641 1587 1708 anatomia
1607 1639 1703 1708 etde
1722 1639 1944 1738 physiologia
1964 1640 2152 1732 conscripti
2170 1651 2256 1728 sunt,

511 1797 690 1865 recensus,
729 1796 832 1864 quem
858 1774 905 1842 ad
930 1783 1083 1843 nostrum
1109 1797 1216 1867 usque
1242 1776 1393 1848 seculum
1414 1777 1552 1870 judicio
1579 1784 1614 1844 et
1636 1774 1816 1869 diligentie
1840 1778 1982 1846 instituit
2007 1775 2166 1846 Wantael
2182 1775 2256 1865 ¹¹).

511 1911 583 1982 sel
607 1920 725 1979 nostro
752 1931 890 2000 quoque
927 1909 1064 1980 saeculo
1100 1911 1285 1980 senoeutiae
1318 1912 1421 1981 valde
1446 1934 1467 1979 a
1492 1931 1528 1980 se
1563 1910 1786 1980 abhorrentes
1820 1911 1866 1981 de
1905 1912 2039 1982 macula
2069 1911 2159 1980 tlara
2193 1910 2257 1980 ‹le-

513 2067 582 2135 que
608 2047 680 2114 eius
706 2044 913 2114 foraminulo
939 2054 975 2114 et
1001 2055 1096 2114 ortae
1121 2054 1201 2113 sunt
1229 2055 1264 2114 et
1288 2047 1514 2126 interueruut3
1556 2044 1595 2115 hi
1620 2046 1758 2136 quidem
1790 2047 1993 2142 physiologi
2018 2047 2258 2119 foramimuum

512 2178 696 2268 statuunt,
722 2180 775 2248 illi
810 2187 959 2273 negant,
996 2188 1032 2248 et
1057 2179 1153 2270 quod
1178 2181 1225 2249 atl
1248 2203 1346 2250 usum
1371 2179 1494 2249 barum
1518 2181 1668 2272 partium
1693 2181 1812 2250 attinet
1837 2184 2044 2277 conjecturis
2079 2181 2258 2250 latissimus

512 2338 653 2407 campus
678 2314 856 2406 hucusque
880 2317 1000 2406 patuit.
1054 2316 1148 2402 Quas
1176 2317 1233 2406 qui
1260 2317 1429 2409 colligere
1454 2317 1552 2404 velit,
1593 2315 1844 2408 isprincipum
1870 2319 2094 2404 Germaniae,
2122 2317 2260 2386 Galliae

512 2460 547 2520 ct
571 2451 721 2544 Angliae
746 2452 1015 2520 anatomicorum
1041 2461 1076 2522 ct
1101 2421 1388 2544 physiologorum
1420 2451 1556 2520 evolvat
1588 2449 1712 2544 opera!
1765 2453 1838 2522 Nos
1858 2433 1996 2544 quidem
2022 2474 2150 2545 operae
2173 2473 2256 2544 pre-

511 2587 594 2654 tium
619 2587 771 2658 facturos
797 2607 873 2656 esse
899 2607 1086 2678 speramus,
1112 2608 1192 2657 cum
1216 2609 1290 2656 rem
1315 2608 1406 2656 noro
1433 2587 1548 2654 denuo
1569 2586 1771 2678 subjicimus
1798 2589 1959 2676 examini,
1998 2588 2093 2680 quod
2119 2587 2257 2678 quidem

512 2723 737 2792 irroratione
764 2731 798 2790 et
822 2722 877 2790 via
901 2722 1076 2790 instituere
1102 2722 1231 2790 animas
1257 2730 1327 2808 est,
1365 2731 1404 2792 ut
1427 2723 1570 2816 genesin
1594 2721 1749 2792 maculae
1775 2692 1886 2790 luteae
1911 2723 1947 2789 in
1971 2723 2126 2792 foetuum
2152 2724 2257 2792 abor-

511 2859 658 2927 tivorum
679 2866 714 2926 et
737 2880 856 2930 recens
881 2867 1039 2926 natorum
1064 2858 1177 2928 bulbis
1195 2867 1448 2950 perscrutemur
1468 2851 1543 2954 ²⁸).
1583 2855 1785 2927 Ciceronem
1802 2867 1990 2948 sequentes,
2014 2857 2075 2948 qui
2094 2881 2116 2926 a
2130 2857 2258 2926 defiui-

510 2993 605 3060 tioue
632 3013 767 3062 ornnem
794 2994 1062 3085 disputationem
1093 2994 1271 3086 proficisci
1306 2995 1435 3064 debere
1469 2995 1602 3082 statuit,
1636 2993 1785 3086 primum
1811 2994 1857 3063 de
1884 2993 2080 3083 quaestione
2105 3015 2256 3086 agemus,

511 3135 625 3198 utrum
650 3129 890 3198 foramiuulnm
917 3129 1066 3200 centrale
1097 3130 1207 3199 retina
1231 3130 1357 3199 habent
1382 3151 1446 3200 uec
1472 3128 1544 3199 ue?
1594 3129 1744 3202 oenoe
1770 3133 1861 3200 enim
1886 3129 1950 3198 viri
1982 3127 2077 3200 docti
2107 3129 2196 3197 inter
2221 3147 2258 3196 sa

513 3265 731 3350 dissentiunt,
759 3265 929 3334 maculam
954 3265 1076 3332 flavam
1102 3267 1229 3333 retinam
1255 3275 1369 3336 autam
1393 3266 1506 3335 nullus
1532 3286 1651 3336 eorum
1676 3269 1821 3362 amplius
1846 3267 2020 3335 mfisiatm

546 3613 593 3677 21)
610 3609 627 3662 Ι.
646 3610 663 3664 l

523 3711 592 3790 ,22)
611 3709 627 3762 l
646 3711 662 3762 Ι.
1179 3781 1185 3788 .

525 3812 593 3886 ,23)
611 3809 746 3866 hfiubaelia
764 3813 945 3886 Gottingemia
961 3815 1028 3870 hanc
1046 3816 1113 3873 viam
1130 3818 1157 3874 in
1175 3819 1322 3892 indaganda
1340 3824 1368 3876 at
1384 3819 1538 3894 emunata
1556 3821 1672 3880 merua
1694 3823 1781 3878 luteae
1804 3827 1900 3878 natura
1915 3820 2017 3892 ingredi
2033 3822 2137 3893 quidem
2152 3822 2258 3893 incepit,

581 3911 629 3964 sed
646 3911 723 3967 citius
736 3914 850 3984 reliquit,
868 3915 950 3970 etsie
968 3919 1129 3989 propositam
1145 3921 1214 3977 haud
1232 3923 1323 3992 attigit
1340 3927 1441 3978 metm
1479 3923 1537 3978 thu
1568 3923 1674 3980 Journal
1691 3924 1738 3980 dar
1754 3923 1944 3996 llrliuduugen,
1963 3925 2111 3982 Tbaoriaen
2129 3924 2182 3980 und
2199 3923 2258 3978 Wi-

540 4061 544 4070 .
581 4013 747 4086 dempturus
782 4017 824 4074 St
843 4015 903 4072 XV.
928 4034 955 4089 p.
972 4021 997 4076 7.
