5072 6296
1365 749 1388 813 8

639 941 761 1034 Imago
806 937 961 1010 maculae
1004 934 1113 1050 flavae
1151 944 1281 1006 armato
1299 938 1419 1008 ‘oculo
1452 934 1688 1010 consideratae
1718 937 1754 1006 in
1791 935 1930 1008 tabulae
1966 957 2116 1008 annexae
2140 935 2255 1032 ligura

511 1075 656 1146 XXVII.
694 1085 858 1169 apparet,
896 1097 985 1164 quae
1018 1073 1184 1145 circulum
1218 1073 1345 1142 flavum
1380 1073 1519 1144 maculis
1554 1071 1710 1141 rotundis
1744 1075 1974 1168 compositum
2004 1074 2171 1164 ostendit,
2208 1073 2254 1146 tle

485 1185 720 1314 *foraminulo
755 1209 898 1282 centruli
928 1231 1009 1279 vero
1035 1231 1079 1278 ne
1103 1209 1281 1304 vestigium
1307 1208 1445 1298 quidem
1471 1209 1758 1278 animadvertitur.

637 1397 814 1466 Interdum
839 1405 952 1464 autem
977 1395 1120 1482 accidit,
1162 1394 1200 1462 id
1226 1393 1322 1484 quod
1347 1394 1421 1486 ipse
1447 1395 1581 1487 saepius
1608 1405 1766 1486 expertus
1804 1417 1898 1483 sum,
1933 1405 1971 1465 ut
2004 1397 2119 1489 primo
2143 1397 2255 1466 intutu

511 1531 753 1602 foraminulum
809 1532 985 1623 quoddam
1036 1530 1187 1601 centrale
1234 1530 1316 1600 loco
1359 1528 1498 1596 laudato
1545 1529 1853 1620 animadvertatur,
1905 1533 2092 1603 accuratius
2143 1541 2257 1602 autem

515 1690 553 1738 re
577 1669 798 1762 perlustrata,
841 1667 1037 1737 cicatricula
1061 1667 1191 1734 retinas
1215 1671 1382 1754 apparet3
1419 1662 1511 1735 hanc
1534 1687 1617 1733 vero
1643 1665 1730 1734 nihil
1753 1667 1847 1735 aliud
1874 1690 1948 1736 esse
1973 1667 2039 1736 nisi
2074 1667 2255 1759 partialem

510 1803 641 1874 retinas
674 1826 753 1874 cum
786 1802 987 1874 chorioidea
1019 1800 1344 1893 conglutinationem
1379 1810 1451 1866 tum
1485 1800 1635 1890 denique
1676 1785 1823 1895 intelligi
1857 1802 1965 1890 solet,
1998 1825 2076 1874 cum
2114 1811 2259 1894 utraque

515 1940 713 2008 membrana
739 1939 921 2014 diducitur.
998 1937 1140 2027 Saepius
1167 1936 1257 2002 euim
1279 1935 1397 2004 intime
1422 1934 1586 2005 cohaeret
1616 1936 1787 2028 particula
1820 1936 1988 2028 quaedam
2013 1937 2115 2008 faciei
2139 1945 2258 2029 poste·

512 2074 611 2142 rionis
644 2074 774 2142 retinae
810 2093 888 2144 cum
921 2069 1142 2140 chorioideae
1174 2072 1358 2164 pigmento
1388 2071 1491 2164 nigro
1525 2069 1665 2162 largiter
1698 2071 1749 2139 ibi
1781 2081 1934 2161 secreto,
1985 2072 2034 2140 ita
2066 2079 2105 2140 ut
2127 2071 2260 2164 plicula

514 2209 683 2302 quaedam
708 2207 897 2293 fonnetur,
923 2207 1022 2298 cujus
1047 2206 1219 2298 margines
1244 2205 1421 2274 inferiores
1446 2226 1524 2276 cum
1548 2204 1660 2273 retina
1685 2204 1862 2297 conjuncti
1886 2217 1973 2277 sunt.
2024 2209 2123 2278 Haec
2147 2217 2260 2276 autem

513 2343 660 2435 plicula,
698 2342 808 2409 retina
839 2351 874 2408 et
909 2341 1109 2412 chorioidea
1142 2342 1320 2431 separatis,
1361 2341 1494 2430 saepius
1520 2340 1744 2426 dilaceratur,
1771 2350 1932 2432 exparte
1953 2343 2131 2436 pigmento
2157 2343 2260 2436 nigro

517 2477 701 2563 adhaeret,
739 2484 773 2544 et
798 2477 846 2545 sic
870 2475 1055 2566 plurimum
1082 2474 1128 2542 ad
1155 2475 1372 2546 artificiosam
1397 2475 1595 2544 foraminuli
1621 2475 1781 2544 centralis
1806 2477 1977 2568 originem
2001 2479 2159 2567 confert,
2205 2479 2260 2548 in-

518 2614 638 2706 primis
664 2634 749 2714 cum,
767 2611 803 2680 in
828 2611 926 2680 bulbi
952 2610 1188 2680 oeconomiam
1213 2619 1248 2679 et
1272 2616 1473 2679 structuram
1508 2608 1737 2700 corruptionis
1771 2618 1829 2677 aut
1862 2612 2054 2702 putredinis
2079 2613 2261 2705 prodromi

517 2769 624 2842 agere
658 2745 844 2840 coeperint
915 2745 1032 2814 Semel
1058 2753 1188 2812 tantum
1212 2746 1248 2812 in
1273 2743 1472 2834 permultis,
1515 2765 1599 2834 quas
1633 2753 1862 2836 perscrutatus
1888 2769 1962 2816 sum
1988 2748 2167 2818 oculorum
2192 2749 2260 2818 hu·

520 2905 699 2952 manorum
724 2882 859 2967 retinis,
885 2880 1020 2950 macula
1043 2879 1134 2948 lutea
1159 2880 1207 2946 ita
1232 2888 1431 2970 comparata
1456 2879 1542 2966 tuit,
1569 2889 1606 2946 ut
1630 2881 1667 2948 in
1692 2879 1766 2971 ejus
1791 2890 1911 2951 centro
1936 2892 2102 2973 punctum
2124 2885 2260 2956 luscum

521 3027 555 3088 et
578 3016 773 3102 rotundum,
801 3017 896 3104 quod
921 3016 1096 3084 foraminis
1121 3017 1268 3110 figuram
1294 3025 1330 3083 et
1353 3025 1509 3084 naturam
1534 3015 1724 3102 simulabat,
1750 3026 1948 3108 appareret;
1974 3015 2064 3087 hanc
2081 3041 2164 3086 vero
2185 3041 2262 3090 cum

520 3153 651 3222 intenta
676 3152 763 3219 visus
790 3154 863 3222 acie
887 3152 1011 3222 iterum
1036 3154 1226 3241 iterumque
1252 3152 1476 3246 enaminmem
1500 3173 1567 3242 pro
1592 3152 1809 3239 foraminulo,
1837 3153 1932 3241 quod
1954 3152 2162 3240 habueram,¹
2177 3175 2261 3246 par·

518 3288 622 3358 ticula
648 3286 817 3380 quaedam
842 3289 1011 3379 pigmenti
1036 3288 1144 3379 nigri,
1171 3287 1220 3354 uti
1245 3287 1435 3375 videbatur,
1462 3289 1499 3354 in
1525 3297 1748 3378 conspectum
1773 3288 1884 3374 veuit,
1912 3309 2000 3376 quae
2025 3309 2103 3358 cum
2128 3279 2263 3362 macula

521 3405 612 3491 lutea
636 3422 753 3489 intime
778 3420 845 3490 luit
871 3421 1074 3513 conjuncta,
1102 3442 1212 3511 neque
1238 3422 1281 3490 ab
1306 3421 1374 3492 hac
1400 3423 1552 3517 separari
1576 3429 1731 3514 poterat3
1756 3430 1838 3492 tunc
1864 3422 2061 3494 addendum
2088 3435 2157 3512 est,
2189 3447 2264 3494 eam

523 3558 655 3658 retinae
679 3565 814 3647 partem
841 3559 878 3624 in
903 3579 971 3645 qua
996 3555 1131 3625 macula
1164 3558 1256 3624 lutea
1281 3558 1343 3626 sita
1369 3568 1439 3645 est,
1484 3557 1554 3630 hoc
1588 3560 1625 3628 in
1659 3558 1762 3629 oculo
1796 3557 1974 3650 paululum
1984 3549 2113 3626 'versus
2139 3581 2266 3652 corpus

525 3692 671 3760 vitreum
695 3692 930 3781 prominuisse.
983 3692 1116 3778 Quibus
1141 3692 1334 3783 praemissis
1361 3702 1395 3761 et
1417 3693 1743 3788 Soemmerringiani
1769 3694 1858 3762 illius
1884 3695 2013 3780 moniti,
2040 3695 2134 3784 quod
2160 3695 2266 3764 fronti

521 3827 625 3919 hujus
651 3822 892 3896 dissertationis
916 3829 1116 3919 inscriptum
1140 3829 1278 3921 legitur,
1304 3827 1398 3898 hand
1424 3830 1636 3900 immemores
1661 3849 1730 3896 non
1763 3849 1953 3921 possumus,
1979 3830 2061 3918 quin
2086 3851 2165 3899 curn
2190 3831 2265 3898 Ru-

524 3958 649 4055 dolphi
674 3967 879 4030 statuamus:
918 3963 954 4031 in
978 3963 1087 4032 retina
1110 3962 1258 4034 humana
1291 3962 1447 4032 toramen
1480 3964 1630 4037 ceutrale
1665 3963 1893 4034 limbo-luteo
1920 3965 2069 4052 cinctum
2105 3986 2176 4035 non
2200 3968 2265 4038 ad-

526 4119 614 4176 esse3
640 4107 811 4188 perpetua
836 4107 949 4168 autem
975 4109 1009 4170 et
1034 4099 1202 4171 constanti
1228 4109 1367 4170 naturae
1391 4098 1473 4196 lege
1496 4099 1533 4170 in
1557 4099 1672 4171 retinis
1705 4100 1883 4172 oculomm
1908 4121 2067 4172 sanorum
2097 4103 2265 4176 maculam

524 4231 652 4304 luteam
676 4231 827 4300 inveniri.
1861 4229 1864 4236 ’

1153 4493 1638 4512 *ffl-
