5072 6296
1080 743 1239 842 *23-

332 931 366 995 d.
382 929 520 992 Vascnla
532 931 624 1013 nigra
635 928 838 992 chorioideae
856 938 887 988 et
900 927 1029 1008 quidem
1042 927 1137 990 liuei·

375 1033 511 1108 formia5
530 1031 702 1095 artificiosa
715 1031 889 1109 injectione
900 1029 989 1091 haud
1008 1042 1134 1091 mutata

357 1147 457 1196 -sunt
681 1133 685 1142 '

353 1234 423 1318 Fig.
446 1237 535 1303 XIIL
569 1235 665 1298 Bulbi
692 1237 795 1300 foetus
821 1233 1026 1298 nonimestrts
1059 1250 1130 1316 pars

271 1339 460 1420 «portarium
482 1327 586 1402 retina
607 1353 731 1401 remota
753 1350 805 1399 est.

333 1459 361 1504 a.
382 1438 561 1503 Sclerotica.
1098 1431 1128 1496 s

332 1542 362 1607 b.
386 1541 588 1604 Chorioidea.

331 1661 358 1702 c.
381 1642 629 1706 Macularubra
649 1645 685 1705 in
708 1640 892 1704 chorioidea
915 1647 1029 1699 ortaet
1045 1653 1131 1696 vaso·

370 1762 445 1804 rum
467 1747 635 1828 nigrorum
662 1745 783 1829 pluries
810 1752 1063 1806 memoratorum
1084 1736 1132 1797 lo·

371 1864 448 1906 cum
470 1865 638 1928 occupans.

329 1946 361 2012 d.
382 1947 504 2008 Nervus
525 1951 661 2031 opticus.

347 2045 417 2130 Fig.
440 2049 527 2110 XIV.
555 2048 652 2110 Bulbi
679 2046 813 2112 infantis
834 2063 944 2120 recens
968 2043 1037 2106 nati
1056 2058 1128 2125 pars

286 2145 454 2229 portariam
477 2149 580 2212 retina
600 2149 699 2210 abest.

328 2270 356 2312 a.
378 2249 559 2318 Sclerotica.

325 2345 357 2414 b.
380 2351 535 2414 Introitus
556 2353 648 2414 nervi
671 2353 770 2434 optici
791 2352 828 2412 in
848 2347 1057 2410 scleroticam.

328 2473 355 2515 c.
377 2453 508 2516 Macula
539 2455 636 2515 rubra
668 2451 869 2514 chorioideae
891 2452 956 2528 ejus
981 2459 1130 2509 centrum

370 2555 543 2638 occ'upans.
574 2554 787 2616 Chorioideae
808 2573 880 2636 pars
898 2550 1038 2614 anterior
1058 2567 1130 2629 per·

368 2659 461 2740 nigro
484 2655 621 2719 obducta
644 2669 689 2718 est
710 2658 889 2738 pigmento.

347 2751 418 2843 dig.
431 2761 502 2826 XV.
523 2759 645 2821 Eadem
666 2757 833 2819 exhibetur
853 2755 938 2828 icon,
960 2755 1006 2816 ita
1020 2763 1130 2813 temen

254 2859 256 2864 ’
283 2875 418 2938 mutata,
439 2875 485 2939 ut,
508 2860 709 2923 chorioideae
721 2859 847 2920 macula
867 2855 964 2916 rubra
976 2853 1129 2936 scalpello

285 2965 405 3038 ablata,
445 2966 480 3025 in
509 2963 693 3025 scleroticae
721 2962 804 3022 facie
831 2961 962 3020 interna
982 2956 1128 3026 maculae

283 3065 396 3127 rubrae
407 3063 598 3126 choriodabs
612 3065 810 3145 vestIgiaper
821 3073 1005 3122 contactum
1018 3057 1128 3118 oriun-

325 3289 355 3331 a.
377 3267 563 3331 Sclerotica.

284 3168 323 3228 da
345 3173 527 3249 appareant.

323 3371 355 3430 b.
379 3367 478 3429 Nervi
499 3365 599 3446 optici
621 3365 781 3442 introitus.
832 3291 924 3390 N

325 3489 353 3535 c.
375 3469 507 3530 Macula
528 3465 624 3526 rubra
646 3465 854 3525 scleroticae.·

345 3571 413 3651 Fig.
436 3567 523 3634 XVI.
557 3567 703 3628 Eandem
726 3565 857 3626 exhibet
878 3566 1007 3626 iconem
1029 3583 1126 3646 quam

281 3677 317 3738 in
344 3672 398 3754 fig.
420 3671 505 3732 XIV.
538 3669 683 3744 vidimus,
711 3669 880 3750 pigmento
902 3667 1124 3748 nigrotamen

283 3795 383 3860 aquae
405 3771 560 3854 limpidae
582 3790 642 3852 ope
664 3770 761 3851 plane
783 3781 908 3830 remoto
934 3783 964 3830 et
987 3767 1102 3832 abluto.

325 3898 353 3940 a.
376 3876 560 3938 Sclerotica.

325 3981 356 4042 b.
377 3978 529 4038 Introitus
551 3973 644 4034 nervi
666 3975 772 4054 optici.

324 4102 352 4144 c.
376 4079 505 4140 Macula
525 4077 620 4138 rubra
641 4073 852 4136 chorioideae.

342 4181 411 4264 Fig.
434 4178 537 4243 XVII.
571 4177 719 4238 Similem
746 4175 875 4236 exhibet
907 4173 999 4234 bulbi
1025 4174 1123 4254 partis

283 4282 464 4366 posterioris
485 4281 677 4362 imaginem
699 4279 733 4340 in
757 4276 938 4340 chorioides
955 4278 1123 4357 pigmento

279 4386 371 4467 nigro
393 4384 489 4465 plane
508 4382 617 4444 orbata
638 4381 764 4441 macula
779 4381 874 4442 rubra
896 4379 1100 4462 conspicitur.
1150 4415 1154 4422 -

322 4507 351 4548 a.
373 4484 556 4547 Sclerotica.

320 4589 353 4649 b.
376 4584 571 4647 Chorioidea
592 4583 758 4664 pigmento
780 4586 871 4669 nigro
887 4586 1052 4650 destituta.

322 4709 352 4752 c.
375 4686 528 4749 introitus
549 4685 640 4744 nervi
663 4685 772 4765 optici.

324 4789 354 4852 d.
379 4787 508 4850 Macula
527 4787 624 4850 rubra
649 4784 849 4848 chorioideae
873 4788 928 4851 hic
948 4791 1014 4853 lere
1037 4791 1122 4853 orbi·

366 4893 490 4955 culatis.

345 4991 413 5072 th.
426 4992 542 5057 XVHI.
565 4991 640 5055 Pars
661 4991 814 5076 posterior
829 4989 921 5054 bulbi
942 4991 1067 5054 foetalis
1082 5013 1121 5054 ex

282 5111 372 5155 nono
387 5112 511 5162 mense;
534 5098 639 5160 retina
649 5108 775 5159 remota
789 5106 851 5163 est3
875 5093 1058 5158 chorioides
1069 5115 1122 5158 ru·

1195 928 1350 1004 berrImn,
1388 941 1426 991 ut
1450 947 1687 1013 nonnunquam
1716 934 1844 1008 accidit;
1888 952 2036 1001 centrum

1195 1031 1397 1093 chorioideae
1418 1031 1504 1112 quod
1527 1034 1562 1094 in
1583 1033 1653 1095 aliis
1675 1037 1773 1098 oculis
1793 1039 1957 1100 maculam
1981 1061 2036 1102 ru-

1192 1131 1285 1215 bram
1294 1132 1411 1194 babere
1419 1133 1510 1212 solet,
1520 1132 1582 1195 hoc
1594 1135 1629 1196 in
1643 1138 1736 1200 oculo
1744 1140 1875 1222 nigrum
1882 1139 2035 1204 videmus.

1234 1254 1262 1299 a.
1287 1233 1471 1300 Sclerotica.

1232 1336 1265 1402 b.
1292 1335 1441 1397 introitus
1461 1339 1552 1399 nervi
1573 1339 1682 1421 optici.

1228 1458 1264 1510 c.
1288 1437 1419 1500 Macula
1441 1441 1532 1520 nigra
1555 1439 1755 1502 chorioideae
1776 1445 1975 1527 apigmento
1997 1467 2035 1508 ex

1276 1541 1418 1619 ejusdem
1439 1543 1518 1604 vasis
1539 1555 1657 1603 secreto
1679 1544 1822 1606 oriunda

1254 1641 1323 1724 Fig.
1344 1641 1433 1706 XIX.
1469 1644 1540 1706 Hac
1560 1643 1662 1726 ligura
1689 1647 1882 1726 conspicitur
1908 1652 2035 1713 macula

1190 1743 1284 1827 nigra
1297 1744 1507 1808 'chorioideae
1528 1745 1644 1808 rubrae
1665 1745 1735 1828 (fig.
1758 1747 1897 1830 XVIII.)
1917 1753 2034 1814 micro-

1189 1847 1296 1927 scopio
1318 1849 1509 1910 examinata.
1600 1913 1601 1918 ,

1232 1947 1299 2016 ab.
1324 1948 1404 2009 Vasa
1424 1949 1489 2010 huc
1509 1947 1636 2011 illucet
1655 1951 1877 2013 membranam
1900 1953 2036 2016 chorioi-

1235 2077 1248 2105 .=
1274 2051 1381 2110 dalem
1401 2049 1535 2112 rubram
1557 2053 1765 2131 permeantis.

1232 2169 1259 2210 c.
1281 2151 1461 2212 Partimlae
1486 2155 1595 2234 ulgrae
1624 2173 1662 2212 ex
1690 2153 1892 2214 chorioideae
1918 2154 2035 2216 rubrae

1273 2253 1353 2310 vasis
1374 2265 1513 2334 secretae
1536 2263 1568 2311 et
1581 2255 1783 2334 pigmentum
1805 2257 1935 2336 nIgrum
1958 2246 2045 2319 con-¹

1273 2355 1440 2412 stituentes
1462 2353 1505 2427 *).
2057 2419 2061 2438 ⁸

1254 2449 1323 2534 Fig.
1358 2454 1428 2517 XX.
1475 2451 1564 2513 Haec
1598 2453 1674 2513 icon
1706 2457 1868 2518 maculam
1899 2459 2033 2523 rubram

1190 2550 1394 2614 chorioideae
1404 2553 1511 2615 fuscae
1523 2555 1588 2635 (lig.
1599 2555 1698 2633 XIV.)
1714 2575 1772 2638 per
1786 2560 2033 2642 microscopium

1191 2668 1394 2735 conspectam
1416 2656 1557 2721 exhibet.
1609 2707 1618 2716 .

1233 2775 1263 2817 a.
1277 2776 1305 2820 c.
1329 2756 1521 2819 Chorioidea
1541 2755 1645 2832 iusca;
1677 2759 1809 2821 vasculis
1835 2760 1938 2823 rubris
1967 2761 2032 2824 huc

1275 2869 1308 2918 et
1329 2857 1407 2918 illuc
1428 2871 1581 2940 perarata.

1232 2957 1429 3020 b.Punctum
1439 2961 1578 3021 centrale
1586 2959 1720 3020 rubrum
1730 2961 1940 3036 chorioideae,
1948 2967 2033 3045 quod

1274 3061 1406 3122 vasculis
1428 3061 1484 3122 hic
1510 3061 1577 3121 fere
1598 3062 1796 3142 conglobatis
1819 3065 2031 3129 constituitur.

1251 3161 1427 3244 Fig.·XXl.
1458 3161 1615 3224 sectionis
1639 3163 1846 3225 horizontalis
1873 3165 1964 3226 bulbi
1993 3187 2031 3228 ex

1186 3263 1312 3325 infante
1341 3282 1452 3324 recens
1480 3275 1556 3325 nato
1584 3283 1656 3344 pars
1685 3265 1861 3346 posterior,
1899 3284 2030 3346 corpore

1186 3367 1286 3426 vitreo
1303 3365 1403 3446 plane
1424 3375 1558 3424 remoto.

1228 3485 1257 3533 a.
1279 3463 1463 3527 Sclerotica.

1229 3587 1256 3628 c.
1279 3564 1472 3627 Chorioidea
1491 3564 1587 3630 buca.

1227 3669 1259 3730 b.
1282 3668 1408 3729 Retiua.

1228 3767 1258 3830 d.
1279 3769 1404 3830 Plicula
1426 3768 1549 3829 retinae
1571 3768 1638 3829 fere
1660 3768 1824 3850 pellucida
1844 3771 2028 3849 synechiam

1270 3871 1439 3954 partialem
1463 3891 1537 3931 cum
1559 3871 1685 3930 macula
1708 3871 1805 3931 rubra
1827 3871 2027 3936 chorioideae

1268 3973 1459 4051 subjacentis
1484 3972 1689 4034 constituens.

1247 4074 1429 4158 Fig.XXlI.
1453 4073 1573 4136 Similis
1588 4073 1756 4133 exhibetur
1775 4075 1861 4135 oculi
1878 4073 2025 4136 horison-

1183 4178 1287 4240 taliter
1298 4178 1423 4239 dissecti
1434 4178 1541 4256 imago
1561 4175 1736 4256 etquidem
1750 4175 1891 4239 hominis
1911 4177 2024 4242 adulti.

1225 4300 1253 4346 a.
1275 4278 1453 4340 Sclerotica.

1224 4384 1255 4445 b.
1277 4379 1406 4441 Retina.

1227 4503 1254 4549 c.
1278 4481 1490 4544 Chorioideae
1517 4479 1606 4561 regio
1629 4498 1709 4560 quae
1727 4482 1888 4544 macedam
1909 4483 2024 4546 flavam

1267 4584 1392 4645 tetinae
1410 4583 1541 4645 obducit
1564 4581 1614 4641 vel
1635 4582 1713 4662 tegit
1725 4583 1821 4664 paulo
1842 4585 1959 4646 fuscior
1973 4587 2022 4646 vel
2079 4565 2084 4577 ’

1268 4689 1367 4768 magis
1388 4683 1480 4746 badia
1511 4683 1767 4766 (Soemmerring
1786 4684 1807 4745 l.
1823 4687 1843 4746 l.
1864 4708 1896 4767 p,
1915 4689 1966 4764 8.)
1990 4701 2022 4746 et

1215 5029 1238 5090 ⁸)
1257 5024 1363 5079 confer.
1382 5021 1468 5076 Carus
1485 5017 1632 5075 Handbncb
1654 5018 1702 5072 der
1725 5015 1867 5076 uocante-
1902 5015 2020 5086 Leipzig,
2056 4973 2060 4982 ν

1249 5111 1317 5167 tute
1333 5109 1360 5164 iu
1376 5111 1402 5166 8.
1419 5124 1444 5178 p-
1462 5108 1522 5163 290·
1540 5105 1620 5161 N000‘
