5072 6296
1142 770 1163 833 7

1013 1123 1015 1128 -
1086 1087 1126 1207 o.
1189 1091 1231 1176 a.

384 1311 480 1434 lta
516 1337 850 1420 nonamnn
895 1335 1222 1419 canuam
1264 1335 1551 1428 naaman
1571 1277 1927 1425 ''numanan

956 1603 1329 1622 —d—-s--u—-n—

410 1847 543 1919 Nostris
569 1841 690 1914 diebus
716 1840 899 1935 liudolphi
931 1839 988 1932 ¹),
1039 1842 1270 1936 physiologus
1296 1841 1551 1931 Berolinensis,
1589 1845 1744 1915 foramen
1770 1847 1922 1917 centrale
1946 1851 2030 1919 reti-

281 2005 347 2058 ase
372 1983 540 2052 humanae
566 1967 728 2074 quautam
755 1979 854 2047 nobis
880 1973 1027 2047 innotuit
1060 1977 1190 2070 primas
1217 1977 1374 2071 negarit,
1417 1979 1515 2071 cujus
1552 1985 1666 2050 tamen
1701 1985 1887 2054 sententiae
1912 1986 2030 2077 plnres

281 2103 362 2188 artis
386 2119 499 2212 periti,
526 2116 589 2185 etsi
615 2139 686 2184 non
711 2115 822 2182 verbis
849 2113 983 2182 silentio
1008 2093 1122 2182 tamen
1149 2113 1300 2181 assentiri
1317 2113 1475 2183 videntur
1499 2113 1547 2203 ²).
1599 2117 1668 2187 Hic
1688 2113 1776 2186 enim
1797 2107 2029 2214 physiologus

278 2265 361 2326 tanc
387 2253 627 2323 lorarainulam
653 2235 688 2316 iri
713 2247 822 2316 retina
846 2231 997 2316 bumana
1014 2249 1102 2317 'oriri
1126 2257 1226 2340 putat
1251 2249 1339 2317 inter
1365 2249 1531 2320 sectiones
1558 2253 1747 2340 oculorum,
1775 2275 1854 2322 curn
1878 2253 1968 2326 haec
1994 2257 2028 2322 ln

278 2392 423 2485 regione
458 2373 612 2458 maculae
644 2385 757 2452 luteae
792 2405 880 2472 qaae
906 2392 1024 2450 natura
1049 2385 1154 2473 paulo
1180 2385 1315 2452 tenuior
1340 2391 1409 2470 est,
1448 2406 1518 2453 non
1544 2385 1756 2496 subtilissime
1782 2411 1802 2456 a
1829 2386 2029 2459 chorioides

281 2527 475 2611 diducatur,
503 2531 635 2590 etcum
662 2518 786 2587 balbas
810 2539 880 2586 non
905 2517 1151 2586 recentissimus
1169 2517 1240 2586 'sed
1257 2519 1479 2608 corruptione
1506 2527 1539 2586 et
1557 2523 1741 2612 putredine
1767 2524 1916 2613 quadarn
1943 2525 2027 2595 llac·

279 2645 378 2733 cidas
395 2659 453 2737 sit;
477 2643 547 2726 tale
565 2675 647 2723 vero
674 2647 912 2722 foraminatum
932 2674 1004 2721 non
1029 2651 1183 2722 naturale
1209 2654 1271 2721 scd
1297 2651 1517 2724 artificiosum
1539 2679 1610 2726 esse
1635 2658 1717 2726 inde
1743 2681 1912 2750 apparere
1940 2683 2026 2730 coa-

278 2794 399 2880 tendit,
427 2791 516 2884 qaia,
544 2815 622 2862 cam
637 2791 826 2860 accuratius
844 2797 878 2857 et
894 2789 1033 2878 quidem
1059 2789 1189 2856 armato
1215 2789 1318 2857 oculo
1339 2793 1559 2880 examinatur,
1584 2815 1655 2861 non
1671 2793 1826 2862 rotundis
1845 2785 1880 2863 et
1899 2816 2027 2885 aequa·

279 2931 367 2999 libus
392 2926 604 3022 marginibus
631 2925 694 2994 sed
720 2925 913 2995 dilaceratis
938 2924 1048 3014 iisque
1072 2921 1304 3013 inaequalibus
1330 2935 1463 2994 constat
1495 2927 1540 3017 ³).

381 3066 422 3132 ln
458 3065 636 3133 oculorum
669 3062 820 3130 examine
859 3060 1051 3129 anatomico
1076 3080 1132 3126 me
1158 3059 1291 3150 saepius
1327 3059 1420 3128 idem
1456 3064 1665 3155 comperisse
1702 3063 1840 3132 minime
1874 3088 2027 3160 negave-

277 3200 353 3269 rim.
404 3200 446 3286 ln
482 3198 594 3266 maltis
611 3183 711 3266 'enim
737 3220 822 3287 quos
847 3194 941 3264 hunc
967 3195 1003 3261 ia
1028 3194 1132 3260 finem
1158 3193 1375 3262 subtilissime
1401 3195 1546 3265 dissecai
1583 3198 1711 3284 oculis,
1759 3199 1890 3268 nullum
1914 3201 2027 3268 inveni

278 3335 520 3404 foraminalam
545 3334 653 3403 limbo
672 3332 765 3400 luteo
792 3331 961 3418 cinctum,
1009 3336 1067 3397 aut
1101 3328 1349 3398 horizontalem
1383 3332 1599 3400 instituebam
1624 3332 1722 3402 bulbi
1748 3358 1838 3424 aqua
1864 3334 2027 3402 submersi

278 3471 484 3554 sectionem,
532 3477 590 3536 ant
621 3469 656 3534 in
683 3467 864 3535 artificiosa
890 3473 929 3533 et
949 3466 1196 3557 circumspecta
1221 3467 1484 3558 praeparatione
1507 3468 1555 3536 ita
1578 3468 1837 3559 procedebam,
1886 3476 1924 3536 at
1950 3491 2027 3536 sen-

276 3607 340 3676 sim
365 3607 553 3694 sensimque
579 3611 710 3672 remota
735 3601 915 3672 sclerotica
940 3609 976 3669 et
989 3609 992 3616 '
1006 3621 1149 3689 comes,
1191 3600 1341 3670 tanicam
1373 3600 1607 3672 chorioideam
1641 3603 1874 3703 deglatarem,
1918 3605 1966 3671 ita
1990 3614 2028 3672 at

279 3743 389 3811 retina
412 3741 550 3810 humori
573 3740 681 3806 vitreo
708 3736 962 3823 circumducta,
1007 3743 1042 3835 et
1074 3735 1122 3806 sic
1153 3755 1272 3803 revera
1302 3735 1478 3806 enucleata
1515 3739 1644 3808 circum
1678 3738 1856 3806 humorem
1881 3739 2026 3806 vitreum

280 3877 466 3968 aequaliter
490 3877 619 3966 abique
645 3895 796 3966 expansa
821 3879 982 3941 maneret
1036 3851 1184 3942 Accedit
1210 3878 1245 3938 et
1269 3878 1360 3960 tarn,
1395 3893 1474 3943 carn
1498 3871 1622 3942 horam
1646 3873 1831 3944 bulborum
1856 3873 2049 3950 maculam¹

276 4011 403 4080 lateam
427 4011 648 4104 microscopii
673 4031 741 4102 ope
766 4009 978 4102 indagatio,
1022 4009 1058 4077 in
1097 4003 1170 4099 ejus
1206 4015 1323 4079 centro
1358 3981 1444 4079 mibi
1482 4033 1655 4104 nunqnam
1694 4011 1850 4079 faramea
1875 4005 2026 4080 centrale

278 4167 486 4238 apparuisse.

313 4476 341 4542 1)
360 4473 501 4529 Gruadriis
517 4477 564 4531 der
579 4477 748 4550 l’byriologie
775 4475 813 4532 11.
829 4476 879 4532 Bd.
910 4479 935 4534 l.
952 4473 1118 4546 Abtlssllaag.
1152 4475 1248 4544 Berlin,
1267 4479 1341 4536 1822
1369 4479 1439 4538 inb
1469 4496 1496 4549 p.
1515 4480 1572 4535 176.
1608 4479 1698 4531 Praet
1726 4475 1794 4529 roal.
1832 4473 1914 4530 Reil's
1930 4473 2025 4529 trebir

345 4577 388 4630 mr
406 4577 575 4647 Pbysiologie
592 4581 627 4632 IL
645 4582 693 4635 Bd.
720 4600 746 4654 p.
763 4584 823 4639 471.

311 4681 341 4746 a)
359 4677 404 4731 Sic
421 4698 444 4732 e.
463 4697 488 4749 g.
513 4681 546 4734 Ε.
565 4681 600 4736 ll.
620 4683 717 4736 Weber
733 4684 901 4756 physiologus
919 4691 947 4737 et
965 4682 1124 4738 matomious
1139 4679 1284 4753 Lipsiensis
1300 4679 1326 4732 ln
1352 4681 1378 4732 b.
1398 4677 1584 4740 Roseambller,
1602 4678 1672 4748 qaod
1689 4678 1835 4751 nuperrime
1853 4676 1945 4740 edidit,
1963 4687 2025 4726 sna-

346 4787 428 4834 tunm
446 4781 569 4835 humanae
587 4784 749 4854 compendio.
785 4789 950 4854 (llandbucb
968 4787 1014 4840 der
1030 4784 1166 4841 Anatomie
1184 4783 1231 4836 des
1247 4779 1435 4834 menschliclren
1452 4780 1580 4848 Kirporr,
1598 4799 1648 4834 von
1667 4781 1703 4836 Τ.
1722 4782 1753 4834 C.
1772 4778 1949 4834 llosenrnr'dler
1965 4776 2026 4828 ber-

348 4885 513 4954 easgegeben
531 4893 581 4939 etc
611 4885 732 4958 Leipzig,
751 4891 826 4946 1828.
850 4907 875 4959 p.
894 4889 972 4958 484.)
988 4887 1081 4942 nullam
1098 4885 1164 4940 lacit
1186 4883 1287 4938 retinas
1309 4883 1433 4936 humanae
1449 4882 1595 4936 toraminuli
1613 4882 1733 4936 centralis
1749 4880 1910 4935 mentionem.
1947 4877 2027 4932 Plura

346 4993 408 5038 ante
425 4986 550 5039 decennia
567 4987 647 5040 liuasi
664 4989 841 5044 loramiaulum
857 4988 974 5040 centrale
990 4989 1103 5057 negarit.
1139 5005 1159 5040 s.
1178 4987 1308 5040 Wantael.
1326 4984 1342 5037 l.
1361 4985 1378 5038 l.
1394 5002 1419 5056 p.
1439 4987 1496 5042 165.
1515 4993 1544 5037 et
1560 4987 1585 5066 5
1604 4990 1628 5042 1.
1646 4985 1671 5037 b
1696 4984 1799 5038 dissert

312 5090 341 5156 3)
360 5087 464 5140 Confer.
484 5087 672 5158 Soemrnerring
689 5089 758 5145 st.
777 5092 809 5144 V.
845 5088 905 5158 mg.
924 5087 1013 5145 4-6.
1049 5090 1100 5144 l.l.
1120 5097 1148 5143 et
1164 5087 1232 5143 Ileil.
1269 5087 1285 5140 1.
1304 5087 1320 5139 l.
1338 5086 1450 5150 Archiv,
1485 5085 1535 5141 Bd.
1553 5087 1587 5140 Il
1617 5086 1685 5140 Tab.
1705 5085 1736 5138 V.
1755 5083 1814 5152 aig.
1832 5085 1899 5140 Η.
1937 5080 2022 5135 Tuae.

346 5189 444 5242 confer.
465 5187 587 5242 Wantzel
604 5189 622 5246 l.
638 5188 655 5241 l.
