5072 6296
1104 757 1259 858 L

315 961 385 1032 tiva
410 957 563 1054 gaudem
587 957 665 1028 luce
700 944 942 1050 (subjectives
968 947 1224 1038 Angenlicht),
1262 951 1297 1016 et
1327 941 1396 1016 bne
1423 943 1514 1016 oculi
1538 943 1617 1018 lnce
1642 963 1721 1016 cum
1745 945 1824 1018 luce
1850 947 2056 1020 extrinsecus

315 1096 432 1166 oblata
457 1117 517 1164 seu
542 1090 714 1185 objectiva
738 1093 950 1182 congruente
976 1083 1083 1152 visum
1110 1083 1211 1168 oriri,
1238 1081 1308 1150 sive
1334 1080 1476 1149 videndi
1500 1083 1700 1153 facultatem
1724 1083 1902 1178 progigni.

442 1231 492 1298 Hi
510 1228 650 1322 quidem
675 1233 830 1296 auctores
855 1219 957 1292 oculo
975 1219 1043 1287 vim
1069 1227 1104 1288 et
1120 1216 1337 1304 efficacium,
1364 1239 1432 1308 qua
1451 1216 1511 1286 diu
1529 1217 1625 1308 apud
1641 1216 1765 1286 multos
1790 1227 1931 1288 naturae
1957 1241 2051 1290 scru-

316 1377 444 1438 tatores
470 1375 508 1434 et
528 1365 732 1454 interpretes
758 1365 932 1443 caruerat,
958 1353 1151 1434 vindicant3
1203 1353 1344 1420 videndi
1368 1351 1568 1422 facultatem
1600 1373 1732 1428 sursum
1758 1354 1929 1444 quendam
1955 1354 2057 1425 oculo

303 1504 382 1572 ¹soli
406 1502 590 1594 proprium*
612 1507 647 1566 et
670 1496 881 1590 peculiarem
905 1491 1097 1578 nominant,
1133 1510 1236 1578 quam
1260 1494 1358 1558 motu
1390 1487 1541 1576 quodam
1575 1487 1703 1555 retinas
1736 1487 1807 1556 sive
1831 1490 2056 1577 oscillatione,

317 1639 390 1706 aire
414 1635 657 1706 constrictione
692 1640 727 1700 et
762 1629 968 1722 expansione
1003 1625 1082 1694 fieri
1118 1631 1243 1715 putant
1272 1622 1320 1712 ²).
1370 1623 1531 1691 Eandem
1567 1644 1645 1692 cum
1679 1622 1816 1692 foveam
1850 1626 2061 1716 opinionem,

304 1771 488 1844 'maculam
512 1769 639 1838 luteam
663 1766 805 1852 retinas,
829 1747 919 1854 uuae
943 1760 1038 1852 apud
1056 1779 1173 1828 omnes
1199 1780 1300 1828 sanos
1324 1756 1481 1828 homines
1502 1755 1595 1826 oculi
1621 1743 1773 1828 centrum
1789 1781 1965 1850 nunqnam
1990 1783 2060 1830 non

305 1914 478 2000 occupat,
513 1904 661 1974 eundem
689 1923 824 1994 semper
848 1896 957 1968 habet
984 1895 1161 1986 colorem,
1190 1915 1232 1964 ae
1266 1893 1405 1962 nonnisi
1437 1891 1636 1980 morborum
1666 1894 1700 1961 vi
1731 1887 1972 1989 detrimentum
1999 1919 2059 1966 oa-

315 2043 380 2137 pit·
403 2042 452 2133 8),
477 2042 512 2108 iu
537 2037 702 2132 singulari
727 2036 885 2129 quadarn·
902 2021 1043 2102 ridendi
1068 2030 1203 2102 actione
1226 2029 1409 2122 permagni
1435 2050 1507 2097 esse
1530 2027 1717 2120 ponderis,
1754 2053 1952 2124 persuasum
1976 2029 2059 2098 mihi

317 2176 449 2258 babe03
475 2175 604 2244 addere
620 2183 734 2243 tamen
758 2189 893 2262 nequeo
911 2172 1125 2260 argumenta,
1150 2186 1238 2257 quae
1252 2167 1344 2234 viana
1360 2170 1396 2232 et
1415 2163 1591 2254 rationem,
1617 2187 1686 2255 qua
1702 2167 1837 2237 macula
1854 2165 1942 2236 tlara
1966 2179 2059 2262 agat,

319 2321 480 2382 accurate
507 2311 753 2388 demonstrent,
789 2307 825 2373 in
848 2303 1064 2372 dubitatione
1087 2301 1194 2392 igitur
1219 2310 1281 2388 est,
1307 2307 1420 2368 utrum
1443 2301 1580 2370 macula
1604 2301 1693 2370 flava
1719 2303 1762 2370 sit
1787 2324 1944 2396 organon
1968 2327 2062 2374 ruere

301 2445 479 2522 ,smuibile
495 2446 544 2535 ⁴),
571 2466 616 2512 au
634 2460 791 2533 organon
810 2458 905 2506 mere
924 2455 1113 2520 secernens,
1140 2452 1209 2524 quo
1228 2434 1418 2502 vicinorum
1442 2455 1599 2504 rasorum
1625 2437 1750 2506 auxilio
1776 2440 1933 2508 materies
1953 2463 2061 2531 quae-

303 2580 402 2650 dam
427 2577 627 2671 peculiaris,
654 2575 740 2644 uisui
763 2574 916 2642 humano
940 2569 1140 2658 inserviens,
1166 2568 1305 2658 oriatur,
1330 2568 1381 2636 illi
1404 2568 1522 2640 forsan
1547 2567 1642 2638 hand
1669 2572 1846 2662 absimilis,
1874 2598 1996 2666 quam,
2022 2587 2061 2647 ut

301 2713 425 2786 ,carus
450 2713 646 2806 nuperrime
673 2707 834 2796 ostendit,

450 2845 712 2938 „Splendidnlis
738 2865 827 2934 quae
852 2849 954 2915 nocte
978 2840 1096 2910 rolant
1116 2838 1328 2934 lampyridas
1354 2840 1442 2908 alis“

318 2989 356 3056 in
393 2981 579 3053 abdomine
612 3002 727 3074 prope
767 2978 814 3049 ad
855 2977 928 3072 ejus
971 2976 1132 3046 annulum
1164 2997 1207 3044 ex
1248 2975 1400 3068 propriis
1441 2976 1585 3049 vasculis
1623 2987 1802 3052 secernunt
1833 2973 1892 3079 ⁵),
1945 2990 1980 3052 et
2012 2984 2060 3054 ita

321 3121 479 3213 quiden,
517 3126 556 3186 ut
579 3137 736 3185 rasorum
760 3114 974 3208 pulsantibus
998 3112 1145 3181 motibus
1175 3110 1318 3182 lucifera
1350 3110 1439 3182 haec
1464 3119 1579 3180 manet
1609 3115 1778 3185 materies.
1855 3119 1955 3190 Haec
1981 3141 2061 3188 rasa

322 3251 565 3340 chorioidalia,
593 3273 681 3344 quae
706 3272 800 3342 pona
825 3247 995 3319 maculam
1018 3247 1144 3316 luteam
1170 3245 1232 3314 sita
1257 3254 1354 3332 sunt,
1383 3254 1419 3313 et
1445 3255 1483 3314 ut
1509 3270 1613 3340 supra
1639 3248 1846 3338 audirimus,
1873 3275 1960 3344 prae
1984 3277 2065 3326 cae·

320 3389 401 3459 teris
428 3387 583 3456 omuibus
609 3386 780 3478 sanguinis
805 3383 906 3452 undis
930 3383 1018 3452 mira
1041 3382 1206 3454 facilitate
1232 3389 1268 3452 et
1291 3381 1469 3452 celeritate
1493 3391 1724 3475 penetrantur,
1751 3385 1851 3454 simili
1876 3387 1978 3482 fungi
2003 3389 2060 3458 of.

321 3525 410 3594 licio
435 3523 549 3590 noune
573 3519 758 3589 verisimile
784 3516 865 3586 est?

424 3657 501 3726 Etsi
525 3655 709 3724 nonnullae
735 3654 905 3724 simiamm
939 3655 1072 3746 species
1102 3652 1271 3723 maculam
1303 3651 1431 3720 luteam
1464 3651 1499 3720 in
1531 3655 1642 3724 oculis
1666 3655 1818 3745 habent,
1856 3656 1924 3728 bae
1948 3670 2064 3730 nmen

323 3794 409 3866 tales
435 3799 527 3880 snut,
556 3792 693 3884 quales,
727 3800 766 3860 nt
790 3792 837 3858 ita
863 3790 995 3880 dicam,
1029 3791 1065 3859 in
1089 3789 1253 3858 immemo
1280 3794 1422 3856 naturae
1448 3809 1558 3880 regno
1583 3790 1628 3860 ab
1665 3791 1963 3865 innumerabilibus
1990 3798 2064 3864 aui·

361 4213 391 4278 a)
409 4209 512 4282 opit,
540 4209 605 4263 oder
621 4206 739 4263 Veraneh
763 4206 835 4262 eines
858 4207 1037 4277 ialgereebten
1060 4209 1190 4264 Umriaaen
1212 4205 1260 4264 der
1276 4211 1435 4278 genmmten
1450 4207 1537 4262 Labra
1560 4224 1619 4262 vom
1642 4206 1736 4275 Licin,
1759 4209 1812 4264 aria
1835 4209 1875 4266 aie
1891 4209 1949 4265 dem
1965 4229 2065 4283 gagau-

394 4313 523 4381 uirtigur
540 4309 642 4364 Stande
662 4327 769 4364 nmerer
786 4307 1014 4381 physiologiaebeu
1036 4311 1089 4366 und
1112 4306 1319 4380 phyticsliaeben
1335 4309 1494 4364 Kenntuiaae
1518 4327 1685 4380 mgmneaaen
1709 4310 1761 4374 ist,
1785 4329 1843 4366 rora
1862 4313 2000 4368 Professor
2017 4315 2065 4368 Dr.
2126 4379 2128 4382 ¹

393 4409 518 4464 Heinrich
534 4409 839 4477 steinenbrunnen,
857 4413 926 4470 1828
946 4411 973 4464 iu
989 4409 1024 4464 ld.
1042 4413 1068 4466 8.
1103 4409 1155 4466 biit
1171 4413 1298 4482 Knptarn
1335 4413 1413 4469 'lma
1429 4411 1491 4467 addi
1509 4413 1588 4467 debat
1605 4410 1699 4465 ilcila
1716 4411 1812 4466 hobis
1828 4414 1878 4482 ⁴fiir
1894 4416 2064 4490 l’byaiologie

395 4509 432 4564 ll.
449 4510 482 4567 Β.
500 4527 527 4581 p.
544 4513 604 4569 47⁵.

361 4629 392 4698 3)
410 4629 496 4683 Reil
520 4629 630 4684 lmodo
647 4630 664 4684 l.
683 4647 708 4702 p.
725 4631 785 4690 469.

361 4747 393 4816 4)
412 4745 542 4802 Halier.
559 4748 689 4804 Element.
707 4749 857 4820 Physioloc.
875 4751 933 4805 libr.
952 4747 1024 4807 XVI.
1042 4755 1109 4806 neca
1125 4752 1150 4810 1
1168 4749 1192 4820 S
1209 4751 1235 4810 4.
1252 4769 1280 4824 p.
1297 4751 1356 4810 im

308 4933 313 4944 ⁸
362 4863 391 4931 5)
409 4863 550 4934 Analecten
573 4883 620 4922 aar
636 4869 904 4926 Naturwiaaenacbad
922 4869 976 4923 und
992 4870 1155 4938 Heilkuade,
1177 4873 1329 4943 geanmmelt
1357 4871 1406 4927 auf
1425 4865 1495 4928 einer
1518 4871 1598 4930 Reice
1620 4873 1702 4930 durch
1718 4873 1826 4939 Italica,
1852 4875 1885 4926 ian
1907 4871 1971 4928 Jdu
1992 4877 2065 4935 1823.

398 4962 526 5031 breslau,
541 4966 567 5020 in
585 4969 632 5025 der
648 4969 847 5027 Hibcberaeheu
864 4969 1066 5042 namnum
1084 4977 1165 5042 1819,
1182 4974 1210 5030 iu
1227 4979 1251 5034 8
1270 4991 1297 5046 p.
1316 4976 1376 5034 too.
1411 4975 1500 5032 Ueber
1517 4975 1564 5032 dna
1581 4975 1661 5030 Liabt
1682 4977 1730 5030 der
1751 4974 1930 5030 italiiuiacbeu
1947 4976 2064 5032 Lcuebt-

398 5065 482 5120 kiter.
501 5081 529 5138 p·
546 5071 605 5128 lit

1645 5153 1647 5156 ’
1737 5187 1759 5249 s
